NAME:    Journal_Short_Name.bib
ABOUT:   This file converts journal abbreviations into the short name of the journal.
         This file is alphabetized by abbreviation.
UPDATED: Jan 9, 2016 by P.J. Lestrange

@string{ AC = "Angew. Chem." }
@string{ AJ = "ApJ" }
@string{ AM = "Adv. Mater." }
@string{ AP = "Ann. Phys." }
@string{ ACP = "Adv. Chem. Phys." }
@string{ ACR = "Acc. Chem. Res." }
@string{ ADP = "Ann. Physik Leipzig" }
@string{ AEM = "Adv. Energy Mater." }
@string{ AFM = "Adv. Func. Mater." }
@string{ AJC = "Aust. J. Chem." }
@string{ AMR = "Adv. Magn. Reson." }
@string{ APL = "Appl. Phys. Lett." }
@string{ AQC = "Adv. Quantum Chem." }
@string{ ACIE = "Angew. Chem. Int. Ed." }
@string{ ACSC = "Acta Crystallogr. C" }
@string{ ACSN = "ACS Nano" }
@string{ APLM = "APL Materials" }
@string{ ARPC = "Annu. Rev. Phys. Chem." }
@string{ ACSAMI = "ACS Appl. Mater. Interfaces" }
@string{ APAMSP = "App. Phys. A-Mater." }
@string{ BC = "Biochem." }
@string{ BJ = "Biophys. J." }
@string{ BP = "Biopolymers" }
@string{ BBA = "Biochimica et Biophysica Acta" }
@string{ CC = "Chem. Commun." }
@string{ CL = "Chem. Lett." }
@string{ CM = "Chem. Mater." }
@string{ CP = "Chem. Phys." }
@string{ CR = "Chem. Rev." }
@string{ CCL = "Chinese Chem. Lett." }
@string{ CCR = "Coordin. Chem. Rev." }
@string{ CEJ = "Chem. Eur. J." }
@string{ CJC = "Chinese J. Chem." }
@string{ CPC = "Comp. Phys. Comm." }
@string{ CPL = "Chem. Phys. Lett." }
@string{ CSR = "Chem. Soc. Rev." }
@string{ CHPHCH = "ChemPhysChem" }
@string{ COSSMS = "Curr. Opin. Solid St. M." }
@string{ DT = "Dalton Trans." }
@string{ EES = "Energ. Environ. Sci." }
@string{ EPL = "Europhys. Lett." }
@string{ EPJD = "Euro. Phys. J. D" }
@string{ FD = "Faraday Discuss." }
@string{ IC = "Inorg. Chem." }
@string{ ICA ="Inorg. Chim. Acta" }
@string{ IJC = "Israel J. Chem." }
@string{ IJQC = "Int. J. Quant. Chem." }
@string{ IRPC = "Int. Rev. Phys. Chem." }
@string{ IEEEJSTQ = "IEEE J. Sel. Top. Quant." }
@string{ JL = "J. Lumin." }
@string{ JAP = "J. Appl. Phys." }
@string{ JCC = "J. Comput. Chem." }
@string{ JCE = "J. Chem. Educ." }
@string{ JCP = "J. Chem. Phys." }
@string{ JEC = "J. Electroanal. Chem." }
@string{ JEM = "J. Electron. Mater." }
@string{ JMB = "J. Mol. Biol." }
@string{ JMC = "J. Mater. Chem." }
@string{ JML = "J. Mol. Liq." }
@string{ JMP = "J. Math. Phys." }
@string{ JMS = "J. Mol. Struct." }
@string{ JNN = "J. Nanosci. Nanotechno." }
@string{ JOC = "J. Org. Chem." }
@string{ JPB = "J. Phys. B" }
@string{ JPC = "J. Phys. Chem." }
@string{ JRS = "J. Raman Spectrosc." }
@string{ JSM = "J. Sov. Math." }
@string{ JACS = "J. Am. Chem. Soc." }
@string{ JBIC = "J. Biol. Inorg. Chem." }
@string{ JCGS = "J. Comp. Graph. Stat." }
@string{ JCoP = "J. Comput. Phys." }
@string{ JCTC = "J. Chem. Theor. Comput." }
@string{ JKPS = "J. Korean Phys. Soc." }
@string{ JMMM = "J. Magn. Magn. Mater." }
@string{ JMCA = "J. Mater. Chem. A" }
@string{ JMCB = "J. Mater. Chem. B" }
@string{ JMCC = "J. Mater. Chem. C" }
@string{ JNCS = "J. Non-Cryst. Solids" }
@string{ JPCA = "J. Phys. Chem. A" }
@string{ JPCB = "J. Phys. Chem. B" }
@string{ JPCC = "J. Phys. Chem. C" }
@string{ JPCL = "J. Phys. Chem. Lett." }
@string{ JPCM = "J. Phys.--Condens. Mat." }
@string{ JPOC = "J. Phys. Org. Chem." }
@string{ JPPA = "J. Photochem. Photobiol." }
@string{ JPSB = "J. Polym. Sci. Part B: Polym. Phys." }
@string{ JPSJ = "J. Phys. Soc. Japan" }
@string{ JSSC = "J. Solid State Chem." }
@string{ JAIDS = "J. Acq. Immun. Def. Synd." }
@string{ JASMS = "J. Am. Soc. Mass Spectrom." }
@string{ JIPMC = "J. Incl. Phenom. Macro." }
@string{ JMatS = "J. Mater. Sci." }
@string{ JMEDC = "J. Med. Chem." }
@string{ JOSAB = "J. Opt. Soc. Am. B--Opt. Phys." }
@string{ JPCSSP = "J. Phys. C Solid State" }
@string{ L = "Langmuir" }
@string{ LMP = "Lett. Math. Phys." }
@string{ MA = "Microchim. Acta" }
@string{ ME = "Method. Enzymol." }
@string{ MH = "Mater. Horiz." }
@string{ MP = "Mol. Phys." }
@string{ MT = "Mater. Today" }
@string{ MFC = "Monatsh. Chem." }
@string{ MMI = "Met. Mater. Int." }
@string{ MRSB = "MRS Bull." }
@string{ N = "Nature" }
@string{ NC = "Nat. Chem." }
@string{ NL = "Nano Lett." }
@string{ NM = "Nat. Mater." }
@string{ NN = "Nat. Nano." }
@string{ NP = "Nat. Phys." }
@string{ NCo = "Nat. Commun." }
@string{ NJP = "New J. Phys." }
@string{ NNT = "Nat. Nanotechnol." }
@string{ NCTL = "Nachr. Chem. Tech. Lab" }
@string{ NTECH = "Nanotechnology" }
@string{ OE = "Opt. Express" }
@string{ OP = "Opt. Mater." }
@string{ P = "Proteins" }
@string{ PB = "Physica B" }
@string{ PR = "Phys. Rev." }
@string{ PS = "Phys. Scripta" }
@string{ PBC = "Physica B+C" }
@string{ PLA = "Phys. Lett. A" }
@string{ PRA = "Phys. Rev. A" }
@string{ PRB = "Phys. Rev. B" }
@string{ PRE = "Phys. Rev. E" }
@string{ PRL = "Phys. Rev. Lett." }
@string{ PRp = "Phys. Rep." }
@string{ PRS = "Proc. Roy. Soc. (London)" }
@string{ PCCP = "Phys. Chem. Chem. Phys." }
@string{ PCPS = "Proc. Camb. Philos. Soc." }
@string{ PNAS = "Proc. Natl. Acad. Sci. U.S.A." }
@string{ PSSA = "Phys. Status Solidi A" }
@string{ PSSB = "Phys. Status Solidi B" }
@string{ PSSC = "Phys. Status Solidi C" }
@string{ PRSLA = "Proc. R. Soc. London, Ser. A" }
@string{ PrSSC = "Prog. Solid State Chem." }
@string{ PELDSN = "Physica E" }
@string{ RCI = "Res. Chem. Intermediat." }
@string{ RMP = "Rev. Mod. Phys." }
@string{ S = "Science" }
@string{ SS = "Surf. Sci." }
@string{ SSC = "Solid State Commun." }
@string{ SSI = "Solid State Ionics" }
@string{ SSP = "Solid State Phys." }
@string{ SSR = "Surf. Sci. Rep." }
@string{ SST = "Semicond. Sci. Techno." }
@string{ SAPA = "Spectrochim. Acta A" }
@string{ TAP = "Top. Appl. Phys." }
@string{ TCA = "Theor. Chem. Acc." }
@string{ TCM = "Top. Curr. Chem." }
@string{ WCMS = "WIREs Comput. Mol. Sci." }
@string{ XS = "X-ray Spectrom." }
@string{ ZP = "Z. Phys." }
@string{ ZN = "Z. Naturforsch." }
@string{ ZPB = "Z. Phys. B" }
