@string{ AEM = "Adv. Energy Mater." }

%-Software-%
@misc{chronusq_beta2,
  	Title = {Chronus Quantum, Beta 2 Version},
	Author = {Xiaosong Li and Edward F. Valeev and David Williams-Young and Alessio Petrone and Joshua Goings and Joesph Kasper and Feizhi Ding and Hongbin Liu and Shichao Sun and Patrick Lestrange},	
  	Note = {http://www.chronusquantum.org},
  	Year = {2017}}

@misc{chronusq_beta,
	Title = {Chronus Quantum, Beta Version},
	Author = {Xiaosong Li and Edward F. Valeev and David Williams-Young and Feizhi Ding and Hongbin Liu and Joshua Goings and Alessio Petrone and Patrick Lestrange},
	Note = {{http://www.chronusquantum.org}},
	Year = {2016}}

%-Article Template-%
@article{Li18_submitted,
        Title = {},
        Author = {},
        Journal =JCP,
        Year = {2018},
        Volume = {},
        Pages={submitted},
        doi = {},
        URL = {},
        Grants={}}

@article{Li18_submitted4,
        Author = {Petrone, A and Beck, R A and Kasper, Joseph M. and Crane, Matthew J. and Pauzauskie, Peter J. and Li, X},
        Title = {Electronic Structures and Spectroscopic Signatures of  Silicon-Vacancy Containing Nanodiamonds},
        Journal =PRB,
        Volume = {},
        Number = {},
        Pages = {submitted},
        Year = {2018},
        doi = {},
        URL = {},
        Grants={CHE-1565520, CHE-1464497 and DMR-1719797}}

@article{Li18_submitted3,
        Author = {Beck, R A and Petrone, A and Kasper, Joseph M. and Crane, Matthew J. and Pauzauskie, Peter J. and Li, X},
        Title = {Effect of Surface Passivation on Nanodiamond Crystallinity},
        Journal =JPCC,
        Volume = {},
        Number = {},
        Pages = {submitted},
        Year = {2018},
        doi = {},
        URL = {},
        Grants={CHE-1565520, CHE-1464497 and DMR-1719797}}

@article{Li18_submitted2,
        Title={High Pressure, High Temperature Molecular Doping of Nanodiamond },
        Author={Crane, M and Petrone, A and Beck, R A and Lim, M and Zhou, X and Li, X and Stroud, R M and Pauzauskie, P},
        Journal=S,
        Volume = {},
        Pages = {submitted},
        Year={2018},
        doi = {},
        URL = {},
        Grants={CHE-1565520, CHE-1464497 and DMR-171997}}

@article{Li18_submitted1,
        Author = {David B. Williams-Young and David B. Lingerfelt and Alessio Petrone and Xiaosong Li},
        Title = {Ab Initio Surface-Hopping Dynamics through Regions of Large Non-Adiabatic Coupling within the Particle-Particle Tamm-Dancof Approximation (pp-TDA)},
        Journal = JCP,
        Year = {2018},
        Volume = {},
        Pages={submitted},
        doi = {},
        URL = {},
        Grants = {}}

@article{Li18_accepted2,
        Author = {Lestrange, Patrick J. and Williams-Young, David B. and Jimenez-Hoyos, Carlos A. and Li, Xiaosong},
        Title = {Orientation-Dependent Imaging of Electronically Excited Quantum Dots},
        Journal = JCP,
        Volume = {},
        Pages = {accepted},
        Year = {2018},
        doi = {},
        URL = {},
        Grants = {}}

@article{Li18_accepted1,
        Author = {Lestrange, Patrick J. and Williams-Young, David B. and Jimenez-Hoyos, Carlos A. and Li, Xiaosong},
        Title = {An Efficient Implementation of Variation After Projection Generalized Hartree-Fock},
        Journal = JCTC,
        Volume = {},
        Pages = {accepted},
        Year = {2018},
        doi = {10.1021/acs.jctc.7b00832},
        URL = {http://dx.doi.org/10.1021/acs.jctc.7b00832},
        Grants = {DE-SC0006863, OAC-1663636 and CHE-1565520}}
        
%--2017--%
@article{Li17_accepted1,
        Author = {Patrick J. Lestrange and Mark R. Hoffmann and Xiaosong Li},
        Title = {Time-Dependent Configuration Interaction using the Graphical Unitary Group Approach: Nonlinear Electric Properties},
        Journal = AQC,
        Year = {2017},
        Volume = {},
        Pages={accepted},
        doi = {10.1016/bs.aiq.2017.06.003},
        URL = {https://doi.org/10.1016/bs.aiq.2017.06.003},
        Grants = {CHE-1565520}}

@article{Li17_26086,
        Author = {Liu, Hongbin and Brozek, Carl K. and Sun, Shichao and Lingerfelt, David B. and Gamelin, Daniel R. and Li, Xiaosong},
        Title = {A Hybrid Quantum-Classical Model of Electrostatics in Multiply Charged Quantum Dots},
        Journal = JPCC,
        Volume = {121},
        Number = {46},
        Pages = {26086-26095},
        Year = {2017},
        doi = {10.1021/acs.jpcc.7b08224},
        URL = {http://dx.doi.org/10.1021/acs.jpcc.7b08224},
        Grants = {CHE-1464497 and OAC-1663636}}

@article{Li17_5283,
        Author = {Donati, Greta and Wildman, Andrew and Caprasecca, Stefano and Lingerfelt, David B. and Lipparini, Filippo and Mennucci, Benedetta and Li, Xiaosong},
        Title = {Coupling Real-Time Time-Dependent Density Functional Theory with Polarizable Force Field},
        Journal = JPCL,
        Volume = {8},
        Number = {21},
        Pages = {5283-5289},
        Year = {2017},
        doi = {10.1021/acs.jpclett.7b02320},
        URL = {http://dx.doi.org/10.1021/acs.jpclett.7b02320},
        Grants = {DE-SC0006863 and CHE1565520}}

@article{Li17_4950,
        Title={A Model Order Reduction Algorithm for Estimating the Absorption Spectrum},
        Author={Van Beeumen, Roel and Williams-Young, David B. and Kasper, Joseph M. and Yang, Chao and Ng, Esmond G. and Li, Xiaosong},
        Journal=JCTC,
        Year={2017},
        Volume = {13},
        Number = {10},
        Pages = {4950-4961},
        doi = {10.1021/acs.jctc.7b00402},
        URL = {http://dx.doi.org/10.1021/acs.jctc.7b00402},
        Grants = {CHE-1565520}}

@article{Li17_null,
        Author = {Goings, Joshua J. and Lestrange, Patrick J. and Li, Xiaosong},
        Title = {Real-Time Time-Dependent Electronic Structure Theory},
        Journal=WCMS,
        Volume = {8},
        Number = {1},
        Year = {2018},
        Pages = {null},
        Publisher = {Wiley Periodicals, Inc.},
        URL = {http://dx.doi.org/10.1002/wcms.1341},
        doi = {10.1002/wcms.1341},
        Grants = {DE-SC0006863 and CHE-1565520 }}

@article{Li17_1700683,
        Title={4-Tert-Butylpyridine Free Organic Hole Transporting Materials for Stable and Efficient Planar Perovskite Solar Cells},
        Author={Xu, Bo and Zhu, Zonglong and Zhang, Jinbao and Liu, Hongbin and Chueh, Chu-Chen and Li, Xiaosong and Jen, Alex K-Y},
        Journal=AEM,
        Year={2017},
        Volume = {7},
        Number = {19},
        Pages = {1700683},
        doi = {10.1002/aenm.201700683},
        URL = {http://dx.doi.org/10.1002/aenm.201700683},
        Grants = {CHE-1464497 and CHE-1565520}}

@article{Li17_7984,
	Author = {Jennifer L. Stein and Molly I. Steimle and Maxwell W. Terban and Alessio Petrone and Simon J. L. Billinge and Xiaosong Li and Brandi M. Cossairt}, 
	Title = {Cation Exchange Induced Transformation of InP Magic-Sized Clusters},
	Journal = CM,
	Year = {2017},
	Volume = {29},
	Pages = {7984--7992},
	doi = {10.1021/acs.chemmater.7b03075},
	URL = {http://dx.doi.org/10.1021/acs.chemmater.7b03075},
	Grants = {CHE-1565520 and DMR-1408617}}

@article{Li17_15368,
        Title={Molecular Vibration Induced Plasmon Decay},
        Author={Donati, Greta and Lingerfelt, David B and Aikens, Christine M and Li, Xiaosong},
        Journal=JPCC,
        Year={2017},
        Volume={121},
        Pages={15368?15374},
        doi = {10.1021/acs.jpcc.7b04451},
        URL = {http://dx.doi.org/10.1021/acs.jpcc.7b04451},
        Grants={CHE-1565520,DE-SC0006863}}
        
@article{Li17_2591,
        Title = {Two-Component Non-Collinear Time-Dependent Spin Density Functional Theory for Excited State Calculations},
        Author = {Franco Egidi and Shichao Sun and Joshua J. Goings and Giovanni Scalmani and Michael J. Frisch and Xiaosong Li},
        Journal = JCTC,
        Year = {2017},
        Volume = {13},
        Pages={2591--2603},
        doi = {10.1021/acs.jpca.7b02905},
        URL = {http://dx.doi.org/10.1021/acs.jpca.7b02905},
        Grants={CHE-1565520,CHE-1464497,DE-SC0006863}}
        
@article{Li17_2789,
        Title = {Effective Inclusion of Mechanical and Electrical Anharmonicity in Excited Electronic States: the VPT2-TDDFT Route},
        Author = {Franco Egidi and David B. Williams-Young and Alberto Baiardi and Julien Bloino and Giovanni Scalmani and Michael J. Frisch and Xiaosong Li and Vincenzo Barone},
        Journal = JCTC,
        Year = {2017},
        Volume = {13},
        Pages={2789--2803},
        doi={10.1021/acs.jctc.7b00218},
        URL = {http://dx.doi.org/10.1021/acs.jctc.7b00218},
        Grants={CHE-1565520,DE-SC0006863}}
        
@article{Li17_3958,
	Author = {Petrone, Alessio and Williams-Young, David B. and Lingerfelt, David B and Li, Xiaosong},
	Title = {Ab Initio Excited State Transient Raman Analysis},
	Journal = JPCA,
	Year = {2017},
	Volume = {121},
	Pages = {3958-3965},
	doi = {10.1021/acs.jpca.7b02905},
	URL = {http://dx.doi.org/10.1021/acs.jpca.7b02905},
	Grants={CHE-1565520,DE-SC0006863}}
	
@article{Li17_6411,
	Author = {Heidi D. Nelson and Stijn O. M. Hinterding and Rachel Fainblat and Sidney E. Creutz and Xiaosong Li and Daniel R. Gamelin},
	Title = {Mid-Gap States and Normal vs Inverted Bonding in Luminescent Cu$^+$- and Ag$^+$-Doped CdSe Nanocrystals},
	Journal = JACS,
	Year ={2017},
	Volume = {139},
	Pages={6411--6421},
	doi = {10.1021/jacs.7b01924},
	URL={http://dx.doi.org/10.1021/jacs.7b01924},
	Grants={CHE-1565520}}
	
@article{Li17_e25398,
	Title ={Current Development of Non-collinear Electronic Structure Theory},
	Author = {Goings, J. J. and Egidi, F. and Li, X},
	Journal = IJQC,
	Year ={2017},
	Volume = {118},
	Pages = {e25398},
	doi={10.1002/qua.25398},
	URL={http://dx.doi.org/10.1002/qua.25398},
	Grants={CHE-1565520,DE-SC0006863}}

@article{Li17_1585,
        Author = {Liu, Yu and Miao, Kun and Dunham, Noah P. and Liu, Hongbin and Fares, Matthew and Boal, Amie K and Li, Xiaosong and Zhang, Xin},
        Title = {The Cation-$\pi$ Interaction Enables a Halo-Tag Fluorogenic Probe for Fast No-Wash Live Cell Imaging and Gel-Free Protein Quantification},
        Journal = BC,
        Volume={56},
        Year = {2017},
        Pages = {1585--1595},
        doi = {10.1021/acs.biochem.7b00056},
        URL = {http://dx.doi.org/10.1021/acs.biochem.7b00056},
        Grants = {CHE-1565520}}

@article{Li17_1932,
        Author = {Lingerfelt, David B. and Lestrange, Patrick J. and Radler, Joseph J. and Brown-Xu, Samantha E. and Kim, Pyosang and Castellano, Felix N. and Chen, Lin X. and Li, Xiaosong},
        Title = {Can Excited State Electronic Coherence Be Tuned via Molecular Structural Modification? A First-Principles Quantum Electronic Dynamics Study of Pyrazolate-Bridged Pt(II) Dimers},
        Journal = JPCA,
        Year = {2017},
        Volume = {121},
        Pages = {1932--1939},
        doi = {10.1021/acs.jpca.6b12099},
        URL = {http://dx.doi.org/10.1021/acs.jpca.6b12099},
        Grants = {CHE-1565520, DE-AC02-06CH11357}}
        
@article{Li17_1136,
	Title ={Doping Versatile n-Type Organic Semiconductors via Room-Temperature Solution-Processable Anionic Dopants},
	Author = {Chueh, C.-C. and Li, C.-Z. and Ding, F. and Li, Z. and Cernetic, N. and Li, X and Jen, A. K.-Y.},
	Journal = ACSAMI,
	Year ={2017},
	Volume = {9},
	Pages = {1136--1144},
	doi={10.1021/acsami.6b14375},
	URL={http://dx.doi.org/10.1021/acsami.6b14375},
	Grants={CHE-1565520}}
	
@article{Li17_161,
        Title = {Investigating the Role of Amine in InP Nanocrystal Syntheses: Destabilizing Cluster Intermediates by Z-Type Ligand Displacement},
        Author= {Gary, Dylan C and Petrone, Alessio and Li, Xiaosong and Cossairt, Brandi M},
        Journal = CC,
        Year = {2017},
        Volume = {53},
        Pages={161--164},
        doi = {10.1039/C6CC07952K},
        URL = {http://dx.doi.org/10.1039/C6CC07952K},
        Grants = {CHE-1565520, DMR-1408617}}
        
%2016%
@article{Li16_10786,
        Author = {Zhu, Zonglong and Xu, Jing-Qi and Chueh, Chu-Chen and Liu, Hongbin and Li, Zhongan and Li, Xiaosong and Chen, Hongzheng and Jen, Alex K.-Y.},
        Title = {A Low-Temperature, Solution-Processable Organic Electron-Transporting Layer Based on Planar Coronene for High-performance Conventional Perovskite Solar Cells},
        Journal = AM,
        Year = {2016},
        Volume = {28},
        Pages = {10786--10793},
        doi = {10.1002/adma.201601745},      
        URL = {http://dx.doi.org/10.1002/adma.201601745},
        Grants = {CHE-1565520}}

@article{Li16_5193,
        Author = {Goings, Joshua J. and Lingerfelt, David B. and Li, Xiaosong},
        Title = {Can Quantized Vibrational Effects Be Obtained from Ehrenfest Mixed Quantum-Classical Dynamics?},
        Journal = JPCL,
        Volume = {7},
        number = {24},
        Pages = {5193-5197},
        Year = {2016},
        doi = {10.1021/acs.jpclett.6b02424},
        URL = {http://dx.doi.org/10.1021/acs.jpclett.6b02424},
        Grants ={DE-SC0006863, CHE-1565520}}

@article{Li16_1136,
        Author = {Chueh, Chu-Chen and Li, Chang-Zhi and Ding, Feizhi and Li, Zhongan and Cernetic, Nathan and Li, Xiaosong and Jen, Alex K.-Y.},
        Title = {Doping Versatile n-Type Organic Semiconductors via Room Temperature Solution-Processable Anionic Dopants},
        Journal = ACSAMI,
        Volume = {9},
        number = {1},
        Pages = {1136-1144},
        Year = {2017},
        doi = {10.1021/acsami.6b14375},
        URL = {http://dx.doi.org/10.1021/acsami.6b14375},
        Grants ={CHE-1565520}}

@article{Li16_4501,
        Author = {Alessio Petrone and David B. Lingerfelt and David B. Williams-Young and Xiaosong Li},
        Title = {Ab Initio Transient Vibrational Spectral Analysis},
        Journal = JPCL,
        Year = {2016},
        Volume = {7},
        Pages={4501--4508},
        doi = {10.1021/acs.jpclett.6b02292},
        URL = {http://dx.doi.org/10.1021/acs.jpclett.6b02292},
        Grants = {CHE-1565520, DE-AC02-06CH11357, DE-SC0006863}}

@article{Li16_5333,
        Author = {Williams-Young, David and Goings, Joshua J and Li, Xiaosong},
        Title = {Accelerating Real-Time Time-Dependent Density Functional Theory with a Non-Recursive Chebyshev Expansion of the Quantum Propagator},
        Journal = JCTC,
        Pages = {5333--5338},
        Year = {2016},
        Volume = {12},
        doi = {10.1021/acs.jctc.6b00693},
        URL = {http://dx.doi.org/10.1021/acs.jctc.6b00693},
        Grants = {CHE-1565520}}

@article{Li16_5379,
        Author = {Williams-Young, David and Egidi, Franco and Li, Xiaosong},
        Title = {Relativistic Two-Component Particle-Particle Tamm--Dancoff Approximation},
        Journal = JCTC,
        Pages = {5379--5384},
        Year = {2016},
        Volume = {12},
        doi = {10.1021/acs.jctc.6b00833},
        URL = {http://dx.doi.org/10.1021/acs.jctc.6b00833},
        Grants ={DE-SC0006863, CHE-1464497}}

@Article{Li16_639,
        Author ={Chen, Lin X. and Shelby, Megan L. and Lestrange, Patrick J. and Jackson, Nicholas E. and Haldrup, Kristoffer and Mara, Michael W. and Stickrath, Andrew B. and Zhu, Diling and Lemke, Henrik and Chollet, Matthieu and Hoffman, Brian M. and Li, Xiaosong},
        Title  ={Imaging Ultrafast Excited State Pathways in Transition Metal Complexes by X-Ray Transient Absorption and Scattering Using X-Ray Free Electron Laser Source},
        Journal  =FD,
        Year  ={2016},
        Pages  ={639--658},
        Volume = {194},
        doi  ={10.1039/C6FD00083E},
        URL  ={http://dx.doi.org/10.1039/C6FD00083E},
        Grants = {DE-AC02-06CH11357}}

@article{Li16_1601307,
        Author = {Li, Nan and Zhu, Zonglong and Chueh, Chu-Chen and Liu, Hongbin and Peng, Bo and Petrone, Alessio and Li, Xiaosong and Wang, Liduo and Jen, Alex K.-Y.},
        Title = {Mixed Cation FA$_x$PEA$_{1-x}$PbI$_3$ with Enhanced Phase and Ambient Stability toward High-Performance Perovskite Solar Cells},
        Journal = AEM,
        Volume = {7},
        Pages = {1601307},
        Year = {2016},
        doi = {10.1002/aenm.201601307},
        URL = {http://dx.doi.org/10.1002/aenm.201601307},
        Grants = {CHE-1464497, CHE-1565520}}

@article{Li16_165402,
        Title = {Quantum Confinement Effects on Optical Transitions in Nanodiamonds Containing Nitrogen Vacancies},
        Author = {Petrone, Alessio and Goings, Joshua J. and Li, Xiaosong},
        Journal = PRB,
        Volume = {94},
        issue = {16},
        Pages = {165402},
        Year = {2016},
        doi = {10.1103/PhysRevB.94.165402},
        URL = {http://dx.doi.org/10.1103/PhysRevB.94.165402},
        Grants = {CHE-1464497, CHE-1565520}}

@article{Li16_7255,
        Title = {``Watching'' Polaron Pair Formation from First-Principles Electron-Nuclear Dynamics},
        Author = {Greta Donati and David B. Lingerfelt and Alessio Petrone and Nadia Rega and Xiaosong Li},
        Year = {2016},
        Volume = {120},
        number = {37},
        Pages = {7255-7261},
        Journal = JPCA,
        doi = {10.1021/acs.jpca.6b06419},
        URL = {http://dx.doi.org/10.1021/acs.jpca.6b06419},
        Grants ={DE-SC0006863, CHE-1565520}}

@article{Li16_104107,
	Author = {Joshua J. Goings and Joseph M. Kasper and Franco Egidi and Shichao Sun and Xiaosong Li},
	Title = {Real Time Propagation of the Exact Two Component Time-Dependent Density Functional Theory},
	Journal = JCP,
        Volume={145},
        number={10},
        Pages={104107},
        Year={2016},
        doi = {10.1063/1.4962422},
        URL = {http://dx.doi.org/10.1063/1.4962422},
        Grants = {DE-SC0006863}}

@article{Li16_19434,
        Author = {Chong, Erica Q. and Lingerfelt, David B. and Petrone, Alessio and Li, Xiaosong},
        Title = {Classical or Quantum? A Computational Study of Small Ion Diffusion in II-VI Semiconductor Quantum Dots},
        Journal = JPCC,
        Volume = {120},
        number = {34},
        Pages = {19434-19441},
        Year = {2016},
        doi = {10.1021/acs.jpcc.6b05883},
        URL = {http://dx.doi.org/10.1021/acs.jpcc.6b05883},
        Grants = {DMR-1408617}}

@article{Li16_12979,
        Author={Weller, Caroline E and Dhall, Abhinav and Ding, Feizhi and Linares, Edlaine and Whedon, Samuel D and Senger, Nicholas A and Tyson, Elizabeth L and Bagert, John D and Li, Xiaosong and Augusto, Ohara and  Chatterjee, Champak},
	Title = {Aromatic Thiol-Mediated Cleavage of N-O Bond Enables Chemical Ubiquitylation of Folded Proteins},
        Journal=NComm,
        Volume={7},
        Pages={12979},
        Year={2016},
	 doi = {10.1038/ncomms12979},
	 URL = {http://dx.doi.org/10.1038/ncomms12979},
	 Grants = {CHE-1565520}}

@article{Li16_2765,
        Author = {Pepin, Robert and Petrone, Alessio and Laszlo, Kenneth J. and Bush, Matthew F. and Li, Xiaosong and Ture\v{c}ek, Franti\v{s}ek},
        Title = {Does Thermal Breathing Affect Collision Cross Sections of Gas-Phase Peptide Ions? An Ab Initio Molecular Dynamics Study},
        Journal = JPCL,
        Volume = {7},
        number = {14},
        Pages = {2765-2771},
        Year = {2016},
        doi = {10.1021/acs.jpclett.6b01187},
        URL = {http://dx.doi.org/10.1021/acs.jpclett.6b01187},
        Grants ={CHE-1265945, CHE-1565520}}

@article{Li16_3711,
        Author = {Egidi, Franco and Goings, Joshua J. and Frisch, Michael J. and Li, Xiaosong},
        Title = {Direct Atomic-Orbital-Based Relativistic Two-Component Linear Response Method for Calculating Excited-State Fine Structures},
        Journal = JCTC,
        Volume = {12},
        number = {8},
        Pages = {3711-3718},
        Year = {2016},
        doi = {10.1021/acs.jctc.6b00474},
        URL = {http://dx.doi.org/10.1021/acs.jctc.6b00474},
        Grants = {DE-SC0006863, CHE-1565520, CHE-1464497}}

@article{Li16_234102,
        Author = {Goings, Joshua J. and Li, Xiaosong},
        Title = {An Atomic Orbital Based Real-Time Time-Dependent Density Functional Theory for Computing Electronic Circular Dichroism Band Spectra},
        Journal = JCP,
        Year = {2016},
        Volume = {144},
        number = {23}, 
        Pages = {234102},
        doi = {10.1063/1.4953668},
        URL = {http://dx.doi.org/10.1063/1.4953668},
        Grants = {DE-SC0006863}}

@article{Li16_8752,
        Author = {Shelby, Megan L. and Lestrange, Patrick J. and Jackson, Nicholas E. and Haldrup, Kristoffer and Mara, Michael W. and Stickrath, Andrew B. and Zhu, Diling and Lemke, Henrik T. and Chollet, Matthieu and Hoffman, Brian M. and Li, Xiaosong and Chen, Lin X.},
        Title = {Ultrafast Excited State Relaxation of a Metalloporphyrin Revealed by Femtosecond X-ray Absorption Spectroscopy},
        Journal = JACS,
        Volume = {138},
        number = {28},
        Pages = {8752-8764},
        Year = {2016},
        doi = {10.1021/jacs.6b02176},
        URL = {http://dx.doi.org/10.1021/jacs.6b02176},
        Grants = {DE-AC02-06CH11357}}

@article{Li16_6592,
	Title={Highly Sensitive Built-In Strain Sensors for Polymer Composites: Fluorescence Turn-On Response through Mechanochemical Activation},
	Author={Li, Zhong'an and Toivola, Ryan and Ding, Feizhi and Yang, Jeffrey and Lai, Po-Ni and Howie, Tucker and Georgeson, Gary and Jang, Sei-Hum and Li, Xiaosong and Flinn, Brian D and Jen, Alex  K.-Y.},
	Journal=AM,
       Pages = {6592--6597},
       Year={2016},
       Volume = {28},
       number = {31},
       doi = {10.1002/adma.201600589},
       URL = {http://dx.doi.org/10.1002/adma.201600589},
	Grants = {CHE-1265945, DMR-1408617}}

@article{Li16_5714,
       Title={Computational Studies of the Electronic Structures of Copper-Doped CdSe Nanocrystals: Oxidation States, Jahn--Teller Distortions, Vibronic Bandshapes, and Singlet--Triplet Splittings},
       Author={Nelson, Heidi D and Li, Xiaosong and Gamelin, Daniel R},
       Journal=JPCC,
       Year={2016},        
       Volume={120},
       number={10},
       Pages={5714--5723},
       doi = {10.1021/acs.jpcc.5b11319},
	URL = {http://dx.doi.org/10.1021/acs.jpcc.5b11319},
	Grants = {CHE-1265945}}

@article{Li16_1510,
	Title={Single-Crystal and Electronic Structure of a 1.3 nm Indium Phosphide Nanocluster},
	Author={Gary, Dylan C and Flowers, Sarah E and Kaminsky, Werner and Petrone, Alessio and Li, Xiaosong and Cossairt, Brandi M},
	Journal=JACS,
       Year={2016},
       Pages={1510--1513},
       Volume={138},
       number={5},
	doi = {10.1021/jacs.5b13214},
       URL = {http://dx.doi.org/10.1021/jacs.5b13214},
	Grants = {CHE-1265945, DMR-1408617}}

@article{Li16_935,
	Title = {Direct Ab Initio (Meta-)Surface-Hopping Dynamics},
	Author = {David B. Lingerfelt and David B. Williams-Young and Alessio Petrone and Xiaosong Li},
	Journal = JCTC,
	Year = {2016},
	Pages = {935--945},
	Volume ={12},
	doi = {10.1021/acs.jctc.5b00697},
	URL = {http://dx.doi.org/10.1021/acs.jctc.5b00697},
	Grants = {CHE-1265945, CHE-1464497}}

%%2015
@article{Li15_234103,
	Author = {Patrick J. Lestrange and Franco Egidi and Xiaosong Li},
	Journal = JCP,
	Grants = {CHE-1265945, DE-AC02-06CH11357},
	Pages = {234103},
	Title = {The Consequences of Improperly Describing Oscillator Strengths Beyond the Electric Dipole Approximation},
	Url = {http://dx.doi.org/10.1063/1.4937410},
	Volume = {143},
	Year = {2015}}

@article{Li15_14743,
	Author = {Nienhaus, Lea and Goings, Joshua J and Nguyen, Duc and Wieghold, Sarah and Lyding, Joseph and Li, Xiaosong and Gruebele, Martin},
	Journal = JACS,
	Grants = {CHE-1265945, DMR-1408617},
	Pages = {14743--14750},
	Title = {Imaging Excited Orbitals of Quantum Dots: Experiment and Electronic Structure Theory},
	Url = {http://dx.doi.org/10.1021/jacs.5b09272},
	Volume = {137},
	Year = {2015}}

@article{Li15_144106,
	Author = {Joshua J. Goings and Feizhi Ding and Ernest R. Davidson and Xiaosong Li},
	Journal = JCP,
	Grants = {DE-SC0006863, CHE-1265945},
	Pages = {144106},
	Title = {Approximate Singly Excited States from a Two-Component Hartree Fock Reference},
	Url = {http://dx.doi.org/10.1063/1.4932540},
	Volume = {143},
	Year = {2015}}

@article{Li15_114105,
	Author = {Ding, Feizhi and Goings, Joshua J. and Liu, Hongbin and Lingerfelt, David B. and Li, Xiaosong},
	Journal = JCP,
	Grants = {CHE-1265945, DE-SC0006863},
	Pages = {114105},
	Title = {Ab Initio Two-Component Ehrenfest Dynamics},
	Url = {http://dx.doi.org/10.1063/1.4930985},
	Volume = {143},
	Year = {2015}}

@article{Li15_4146,
	Author = {Bo Peng and Patrick J Lestrange and Joshua J Goings and Marco Caricato and Xiaosong Li},
	Journal = JCTC,
	Grants={CHE-1265945,DE-AC02-06CH11357},
	Number = {9},
	Pages = {4146-4153},
	Title = {Energy-Specific Equation-of-Motion Coupled-Cluster Methods for High-Energy Excited States: Application to K-Edge X-Ray Absorption Spectroscopy},
	Url = {http://dx.doi.org/10.1021/acs.jctc.5b00459},
	Volume = {11},
	Year = {2015}}

@article{Li15_4889,
	Author = {Jeremy J. Intemann and Kai Yao and Feizhi Ding and Yunxiang Xu and Xukai Xin and Xiaosong Li and Alex K.-Y. Jen},
	Journal = AFM,
	Grants = {None},
	Pages = {4889--4897},
	Title = {Enhanced Performance of Organic Solar Cells with Increased End Group Dipole Moment in Indacenodithieno[3,2-b]thiophene-Based Molecules},
	Url = {http://dx.doi.org/10.1002/adfm.201501600},
	Volume = {12}}

@article{Li15_2994,
	Author = {Patrick J. Lestrange and Phu D. Nguyen and Xiaosong Li},
	Journal = JCTC,
	Grants = {CHE-1265945,DE-AC02-06CH11357},
	Pages = {2994--2999},
	Title = {Calibration of Energy-Specific TDDFT for Modeling K-Edge XAS Spectra of Light Elements},
	Url = {http://dx.doi.org/10.1021/acs.jctc.5b00169},
	Volume = {11},
	Year = {2015}}

@article{Li15_414,
	Author = {Li, Chang-Zhi and Liang, Po-Wei and Sulas, Dana B. and Nguyen, Phu D. and Li, Xiaosong and Ginger, David S. and Schlenker, Cody W. and Jen, Alex K.-Y.},
	Issue = {4},
	Journal = MH,
	Grants = {CHE-1265945},
	Pages = {414--419},
	Title = {Modulation of Hybrid Organic-Perovskite Photovoltaic Performance by Controlling the Excited Dynamics of Fullerenes},
	Url = {http://dx.doi.org/10.1039/C5MH00026B},
	Volume = {2},
	Year = {2015}}

@article{Li15_154109,
	Author = {Goings, Joshua J and Ding, Feizhi and Frisch, Michael J and Li, Xiaosong},
	Journal = JCP,
	Grants = {CHE-1265945, DE-SC0006863},
	Number = {15},
	Pages = {154109},
	Title = {{Stability of the Complex Generalized Hartree-Fock Equations}},
	Url = {http://dx.doi.org/10.1063/1.4918561},
	Volume = {142},
	Year = {2015}}

@article{Li15_6421,
	Author = {Peng, Bo and Lingerfelt, David B and Ding, Feizhi and Aikens, Christine M and Li, Xiaosong},
	Journal = JPCC,
	Grants = {CHE-1265945},
	Number = {11},
	Pages = {6421--6427},
	Title = {{Real-Time TDDFT Studies of Exciton Decay and Transfer in Silver Nanowire Arrays}},
	Url = {http://dx.doi.org/10.1021/acs.jpcc.5b00263},
	Volume = {119},
	Year = {2015}}

@article{L15_6929,
	Author = {Bin Zhao and Chang-Zhi Li and Sheng-Qiang Liu and Jeffrey J. Richards and Chu-Chen Chueh and Feizhi Ding and Lilo D. Pozzo and Xiaosong Li and Alex K.-Y. Jen},
	Journal = JMCA,
	Grants = {CHE-1265945},
	Pages = {6929--6934},
	Title = {A Conductive Liquid Crystal via Facile Doping of an n-type Benzodifurandione Derivative},
	Url = {http://dx.doi.org/10.1039/C5TA00115C},
	Volume = {3},
	Year = {2015}}

@article{Li15_034120,
	Author = {Ding, Feizhi and Lingerfelt, David B. and Mennucci, Benedetta and Li, Xiaosong},
	Journal = JCP,
	Grants = {CHE-1265945, DE-SC0006863},
	Number = {3},
	Pages = {034120},
	Title = {{Time-Dependent Non-Equilibrium Dielectric Response in QM/Continuum Approaches}},
	Url = {http://dx.doi.org/10.1063/1.4906083},
	Volume = {142},
	Year = {2015}}

@article{Li14_214111,
	Author = {Ding, Feizhi and Goings, Joshua J. and Frisch, Michael J. and Li, Xiaosong},
	Journal = JCP,
	Grants = {CHE-1265945, DE-SC0006863},
	Number = {21},
	Pages = {214111},
	Title = {Ab Initio Non-Relativistic Spin Dynamics},
	Url = {http://dx.doi.org/10.1063/1.4902884},
	Volume = {141},
	Year = {2014}}

@article{Li14_26584,
	Author = {Goings, Joshua J. and Schimpf, Alina M. and May, Joseph W. and Johns, Robert W. and Gamelin, Daniel R. and Li, Xiaosong},
	Journal = JPCC,
	Grants = {CHE-1265945, DE-SC0006863, DMR-1408617},
	Number = {46},
	Pages = {26584--26590},
	Title = {Theoretical Characterization of Conduction-Band Electrons in Photodoped and Aluminum-Doped Zinc Oxide (AZO) Quantum Dots},
	Url = {http://dx.doi.org/10.1021/jp5090229},
	Volume = {118},
	Year = {2014}}

@article{Li14_164116,
	Author = {Goings, Joshua J. and Caricato, Marco and Frisch, Michael J. and Li, Xiaosong},
	Journal = JCP,
	Grants = {CHE-1265945, DE-SC0006863},
	Number = {16},
	Pages = {164116},
	Title = {{Assessment of Low-Scaling Approximations to the Equation of Motion Coupled-Cluster Singles and Doubles Equations}},
	Url = {http://dx.doi.org/10.1063/1.4898709},
	Volume = {141},
	Year = {2014}}

@article{Li14_24457,
	Author = {Alessio Petrone and David B. Lingerfelt and Nadia Rega and Xiaosong Li},
	Journal = PCCP,
	Grants = {CHE-1265945, DE-SC0006863},
	Number = {44},
	Pages = {24457--24465},
	Title = {From Charge-Transfer to a Charge-Separated State: A Perspective from the Real-Time TDDFT Excitonic Dynamics},
	Url = {http://dx.doi.org/10.1039/C4CP04000G},
	Volume = {16},
	Year = {2014}}

@article{Li14_17507,
	Author = {Fischer, Sean A. and Lingerfelt, David B. and May, Joseph W. and Li, Xiaosong},
	Journal = PCCP,
	Grants = {CHE-1265945, DE-SC0006863},
	Pages = {17507-17514},
	Title = {Non-Adiabatic Molecular Dynamics Investigation of Photoionization State Formation and Lifetime in Mn$^{2+}$-Doped ZnO Quantum Dots},
	Url = {http://dx.doi.org/10.1039/C4CP01683A},
	Volume = {16},
	Year = {2014}}

@article{Li14_244705,
	Author = {Feizhi Ding and Emilie B. Guidez and Christine M. Aikens and Xiaosong Li},
	Journal = JCP,
	Grants = {CHE-1265945, DE-SC0006863},
	Number = {24},
	Pages = {244705},
	Title = {Quantum Coherent Plasmon in Silver Nanowires: A Real-Time TDDFT Study},
	Url = {http://dx.doi.org/10.1063/1.4884388},
	Volume = {140},
	Year = {2014}}

@article{Li14_13152,
	Author = {Joseph W. May and Jiao Ma and Ekaterina Badaeva and Xiaosong Li},
	Journal = JPCC,
	Grants = {CHE-1265945, DE-SC0006863},
	Number = {24},
	Pages = {13152-13156},
	Title = {Effect of Excited-State Structural Relaxation on Midgap Excitations in Co$^{2+}$-Doped ZnO Quantum Dots},
	Url = {http://dx.doi.org/10.1021/jp501360d},
	Volume = {118},
	Year = {2014}}

@article{Li14_1910,
	Author = {Patrick J. Lestrange and Bo Peng and Feizhi Ding and Gary W. Trucks and Michael J. Frisch and Xiaosong Li},
	Journal = JCTC,
	Grants = {CHE-1265945},
	Pages = {1910--1914},
	Title = {Density of States Guided M\"oller-Plesset Perturbation Theory},
	Url = {http://dx.doi.org/10.1021/ct400765a},
	Volume = {10},
	Year = {2014}}

@article{Li14_7630,
	Author = {Bo Peng and Joseph W. May and Daniel R. Gamelin and Xiaosong Li},
	Journal = JPCC,
	Grants = {CHE-1265945},
	Pages = {7630--7636},
	Title = {Effects of Crystallographic and Shape Anisotropies on Dopant-Carrier Exchange Interactions in Magnetic Semiconductor Quantum Dots},
	Url = {http://dx.doi.org/10.1021/jp411250c},
	Volume = {118},
	Year = {2014}}

@article{Li14_115312,
	Author = {Liam R. Bradshaw and Joseph W. May and Jillian L. Dempsey and Xiaosong Li and Daniel R. Gamelin},
	Journal = PRB,
	Grants = {CHE-1265945},
	Pages = {115312},
	Title = {Ferromagnetic Excited-State Mn$^{2+}$ Dimers in Zn$_{1-x}$Mn$_{x}$Se Quantum Dots Observed by Time-Resolved Magnetophotoluminescence},
	Url = {http://dx.doi.org/10.1103/PhysRevB.89.115312},
	Volume = {89},
	Year = {2014}}

@article{Li14_5570,
	Author = {Matthew Gliboff and Dana Sulas and Dennis Nordlund and Dane W. deQuilettes and Phu D. Nguyen and Gerald T. Seidler and Xiaosong Li and David S. Ginger},
	Journal = JPCC,
	Grants = {CHE-1265945},
	Pages = {5570-5578},
	Title = {Direct Measurement of Acceptor Group Localization on Donor-Acceptor Polymers Using Resonant Auger Spectroscopy},
	Url = {http://dx.doi.org/10.1021/jp412150j},
	Volume = {118},
	Year = {2014}}

@article{Li14_3266,
	Author = {David B. Lingerfelt and Sean A. Fischer and Joseph W. May and Xiaosong Li},
	Journal = JPCC,
	Grants = {CHE-1265945, DE-SC0006863},
	Pages = {3266--3273},
	Title = {Dynamical Investigations of Inhomogenous Vibrational Broadening in Diluted Magnetic Semiconductor Nanocrystals},
	Url = {http://dx.doi.org/10.1021/jp408665y},
	Volume = {118},
	Year = {2014}}

@article{Li14_77,
	Author = {Joshua J. Goings and Feizhi Ding and Xiaosong Li},
	Journal = AQC,
	Grants = {DE-SC0006863},
	Pages = {77--86},
	Title = {Self-Consistent Field Using Direct Inversion in Iterative Subspace Method and Quasi-Newton Vectors},
	Volume = {68},
	Year = {2014}}

@article{Li13_3933,
	Author = {Bo Peng and Benjamin E. {Van Kuiken} and Feizhi Ding and Xiaosong Li},
	Journal = JCTC,
	Grants = {CHE-1265945, DE-SC0006863},
	Pages = {3933--3938},
	Title = {A Guided Self-Consistent-Field Method for Excited State Wave Function Optimization: Applications to Ligand Field Transitions in Transition Metal Complexes},
	Url = {http://dx.doi.org/10.1021/ct400547n},
	Volume = {9},
	Year = {2013}}

@article{Li13_4425,
	Author = {Chang-Zhi Li and Chu-Chen Chueh and Feizhi Ding and Hin-Lap Yip and Po-Wei Liang and Xiaosong Li and Alex K.-Y. Jen},
	Journal = AM,
	Grants = {DE-SC0006863},
	Pages = {4425--4430},
	Title = {Doping of Fullerenes via Anion-Induced Electron Transfer and Its Implication for Surfactant Facilitated High Performance Polymer Solar Cells},
	Volume = 25,
	Year = {2013}}

@article{Li13_2687,
	Author = {Craig T. Chapman and Wenkel Liang and Xiaosong Li},
	Journal = JPCA,
	Grants = {DE-SC0006863},
	Pages = {2687--2691},
	Title = {Solvent Effects on Intramolecular Charge Transfer Dynamics in a Fullerene Derivative},
	Url = {http://dx.doi.org/10.1021/jp312525j},
	Volume = {117},
	Year = {2013},
	Bdsk-Url-1 = {http://dx.doi.org/10.1021/jp312525j}}

@article{Li13_2457,
	Author = {Chang-Zhi Li and Chu-Chen Chueh and Hin-Lap Yip and Feizhi Ding and Xiaosong Li and Alex K.-Y. Jen},
	Journal = AM,
	Pages = {2457--2461},
	Title = {Solution-Processable Highly Conducting Fullerenes},
	Volume = {25},
	Year = {2013}}

@article{Li13_064104,
	Author = {Feizhi Ding and Benjamin E. {Van Kuiken} and Bruce E. Eichinger and Xiaosong Li},
	Journal = JCP,
	Grants = {DE-SC0006863},
	Pages = {064104},
	Title = {An Efficient Method for Calculating Dynamical Hyperpolarizabilities Using Real-Time Time-Dependent Density Functional Theory},
	Volume = {138},
	Year = {2013}}

@article{Li12_4853,
	Author = {Hrant P. Hratchian and Xiaosong Li},
	Journal = JCTC,
	Pages = {4853-4855},
	Title = {Thirty Years of Geometry Optimization in Quantum Chemistry and Beyond: A Tribute to Berny Schlegel},
	Volume = {8},
	Year = {2012}}

@article{Li12_6356,
	Author = {Yun-Xiang Xu and Chu-Chen Chueh and Hin-Lap Yip and Fei-Zhi Ding and Yong-Xi Li and Chang-Zhi Li and Xiaosong Li and Wen-Chang Chen and Alex K.-Y. Jen},
	Journal = AM,
	Pages = {6356-6361},
	Title = {Improved Charge Transport and Absorption Coefficient in Indacenodithieno[3,2-b]thiophene-Based Ladder-Type Polymer Leading to Highly Efficient Polymer Solar Cells},
	Volume = {24},
	Year = {2012}}

@article{Li12_19661,
	Author = {Cody W. Schlenker and Kung-Shih Chen and Hin-Lap Yip and Chang-Zhi Li and Liam R. Bradshaw and Stefan T. Ochsenbein and Feizhi Ding and Xiaosong Li and Daniel R. Gamelin and Alex K.-Y. Jen and David S. Ginger},
	Journal = JACS,
	Pages = {19661-19668},
	Title = {Polymer Triplet Energy Levels Need Not Limit Photocurrent Collection in Organic Solar Cells},
	Volume = {134},
	Year = {2012}}

@article{Li12_2898,
	Author = {Phu Nguyen and Feizhi Ding and Sean A. Fischer and Wenkel Liang and Xiaosong Li},
	Journal = JPCL,
	Pages = {2898-2904},
	Title = {Solvated First-Principles Excited State Charge Transfer Dynamics with Time-Dependent Polarizable Continuum Model and Solvent Dielectric Relaxation},
	Url = {http://dx.doi.org/10.1021/jz301042f},
	Volume = {3},
	Year = {2012},
	Bdsk-Url-1 = {http://dx.doi.org/10.1021/jz301042f}}

@article{Li12_5175,
	Author = {Joseph W. May and Jeremy D. Lehner and Michael J. Frisch and Xiaosong Li},
	Journal = JCTC,
	Pages = {5175-5179},
	Title = {Transition State Search Using a Guided Direct Inversion in the Iterative Subspace Method},
	Volume = {8},
	Year = {2012}}

@article{Li12_22A512,
	Author = {Feizhi Ding and Craig T. Chapman and Wenkel Liang and Xiaosong Li},
	Journal = JCP,
	Pages = {22A512},
	Title = {Mechanisms of Bridge-Mediated Electron Transfer: A TDDFT Electronic Dynamics Study},
	Url = {http://dx.doi.org/10.1063/1.4738959},
	Volume = {137},
	Year = {2012},
	Bdsk-Url-1 = {http://dx.doi.org/10.1063/1.4738959}}

@article{Li12_1374,
	Author = {Joseph W. May and Ryan J. McMorris and Xiaosong Li},
	Journal = JPCL,
	Pages = {1374-1380},
	Title = {Ferromagnetism in $p$-Type Manganese-Doped Zinc Oxide Quantum Dots},
	Volume = {3},
	Year = {2012}}

@article{Li12_11223,
	Author = {Bo Peng and Wenkel Liang and Michael A. White and Daniel R. Gamelin and Xiaosong Li},
	Journal = JPCC,
	Number = {20},
	Pages = {11223-11231},
	Title = {Theoretical Evaluation of Spin-Dependent Auger De-Excitation in Mn$^{2+}$-Doped Semiconductor Nanocrystals},
	Volume = {116},
	Year = {2012}}

@article{Li12_1884,
	Author = {Wenkel Liang and Craig T. Chapman and Feizhi Ding and Xiaosong Li},
	Journal = JPCA,
	Number = {8},
	Pages = {1884-1890},
	Title = {Modeling Ultrafast Solvated Electronic Dynamics Using Time-Dependent Density Functional Theory and Polarizable Continuum Model},
	Url = {http://dx.doi.org/10.1021/jp2123899},
	Volume = {116},
	Year = {2012},
	Bdsk-Url-1 = {http://dx.doi.org/10.1021/jp2123899}}

@article{Li12_446,
	Author = {Christopher Moss and Wenkel Liang and Xiaosong Li and Franti\v{s}ek Ture\v{c}ek},
	Issue = {3},
	Journal = JASMS,
	Pages = {446-459},
	Title = {The Early Life of a Peptide Cation-Radical. Ground and Excited-State Trajectories of Electron-Based Peptide Dissociations During the First 330 Femtoseconds},
	Url = {http://dx.doi.org/10.1007/s13361-011-0283-9},
	Volume = {23},
	Year = {2012},
	Bdsk-Url-1 = {http://dx.doi.org/10.1007/s13361-011-0283-9}}

@article{Li11_195324,
	Author = {R\'{e}mi Beaulac and Yong Feng and Joseph W. May and Ekaterina Badaeva and Daniel R. Gamelin and Xiaosong Li},
	Issue = {19},
	Journal = PRB,
	Pages = {195324},
	Title = {Orbital Pathways for Mn${}^{2+}$-Carrier $sp$--$d$ Exchange in Diluted Magnetic Semiconductor Quantum Dots},
	Volume = {84},
	Year = {2011}}

@article{Li11_164101,
	Author = {Feizhi Ding and Wenkel Liang and Craig T. Chapman and Christine M. Isborn and Xiaosong Li},
	Journal = JCP,
	Number = {16},
	Pages = {164101},
	Title = {On the Gauge Invariance of Nonperturbative Electronic Dynamics Using the Time-Dependent Hartree-Fock and Time-Dependent Kohn-Sham},
	Url = {http://dx.doi.org/10.1063/1.3655675},
	Volume = {135},
	Year = {2011},
	Bdsk-Url-1 = {http://dx.doi.org/10.1063/1.3655675}}

@article{Li11_144102,
	Author = {Sean A. Fischer and Craig T. Chapman and Xiaosong Li},
	Journal = JCP,
	Number = {14},
	Pages = {144102},
	Title = {Surface Hopping with Ehrenfest Excited Potential},
	Url = {http://dx.doi.org/10.1063/1.3646920},
	Volume = {135},
	Year = {2011},
	Bdsk-Url-1 = {http://dx.doi.org/10.1063/1.3646920}}

@article{Li11_3540,
	Author = {Wenkel Liang and Sean A. Fischer and Michael J. Frisch and Xiaosong Li},
	Journal = JCTC,
	Number = {11},
	Pages = {3540-3547},
	Title = {Energy-Specific Linear Response TDHF/TDDFT for Calculating High-Energy Excited States},
	Url = {http://dx.doi.org/10.1021/ct200485x},
	Volume = {7},
	Year = {2011},
	Bdsk-Url-1 = {http://dx.doi.org/10.1021/ct200485x}}

@article{Li11_20986,
	Author = {Ekaterina Badaeva and Joseph W. May and Jiao Ma and Daniel R. Gamelin and Xiaosong Li},
	Journal = JPCC,
	Number = {43},
	Pages = {20986-20991},
	Title = {Characterization of Excited-State Magnetic Exchange in Mn$^{2+}$-Doped ZnO Quantum Dots Using Time-Dependent Density Functional Theory},
	Volume = {115},
	Year = {2011}}

@article{Li11_12566,
	Author = {Wenkel Liang and Xiaosong Li and Larry R. Dalton and Bruce H. Robinson and Bruce E. Eichinger},
	Journal = JPCB,
	Number = {43},
	Pages = {12566-12570},
	Title = {Solvents Level Dipole Moments},
	Volume = {115},
	Year = {2011}}

@article{Li11_184102,
	Author = {Wenkel Liang and Craig T. Chapman and Xiaosong Li},
	Journal = JCP,
	Number = {18},
	Pages = {184102},
	Title = {Efficient First-Principles Electronic Dynamics},
	Url = {http://dx.doi.org/10.1063/1.3589144},
	Volume = {134},
	Year = {2011},
	Bdsk-Url-1 = {http://dx.doi.org/10.1063/1.3589144}}

@article{Li11_1189,
	Author = {Craig T. Chapman and Wenkel Liang and Xiaosong Li},
	Journal = JPCL,
	Number = {10},
	Pages = {1189-1192},
	Title = {Ultrafast Coherent Electron-Hole Separation Dynamics in a Fullerene Derivative},
	Volume = {2},
	Year = {2011}}

@article{Li11_3505,
	Author = {Denise H. Bale and Bruce E. Eichinger and Wenkel Liang and Xiaosong Li and Larry R. Dalton and Bruce H. Robinson and Philip J. Reid},
	Journal = JPCB,
	Number = {13},
	Pages = {3505-3513},
	Title = {Dielectric Dependence of the First Molecular Hyperpolarizability for Electro-Optic Chromophores},
	Volume = {115},
	Year = {2011}}

@article{Li11_024118,
	Author = {Craig T. Chapman and Wenkel Liang and Xiaosong Li},
	Journal = JCP,
	Number = {2},
	Pages = {024118},
	Title = {Open-System Electronic Dynamics and Thermalized Electronic Structure},
	Url = {http://dx.doi.org/10.1063/1.3526027},
	Volume = {134},
	Year = {2011},
	Bdsk-Url-1 = {http://dx.doi.org/10.1063/1.3526027}}

@article{Li10_3352,
	Author = {Wenkel Liang and Craig T. Chapman and Michael J. Frisch and Xiaosong Li},
	Journal = JCTC,
	Number = {11},
	Pages = {3352-3357},
	Title = {Geometry Optimization with Multilayer Methods Using Least-Squares Minimization},
	Volume = {6},
	Year = {2010}}

@article{Li10_22284,
	Author = {Jane Hung and Wenkel Liang and Jingdong Luo and Zhengwei Shi and Alex K.-Y. Jen and Xiaosong Li},
	Journal = JPCC,
	Number = {50},
	Pages = {22284-22288},
	Title = {Rational Design Using Dewar's Rules for Enhancing the First Hyperpolarizability of Nonlinear Optical Chromophores},
	Volume = {114},
	Year = {2010}}

@article{Li10_2034,
	Author = {Wenkel Liang and Haitao Wang and Jane Hung and Xiaosong Li and Michael J. Frisch},
	Journal = JCTC,
	Number = {7},
	Pages = {2034-2039},
	Title = {Eigenspace Update for Molecular Geometry Optimization in Nonredundant Internal Coordinate},
	Volume = {6},
	Year = {2010}}

@article{Li10_5601,
	Author = {Zhengwei Shi and Wenkel Liang and Jingdong Luo and Su Huang and Brent M. Polishak and Xiaosong Li and Todd R. Younkin and Bruce A. Block and Alex K.-Y. Jen},
	Journal = CM,
	Number = {19},
	Pages = {5601-5608},
	Title = {Tuning the Kinetics and Energetics of Diels-Alder Cycloaddition Reactions to Improve Poling Efficiency and Thermal Stability of High-Temperature Cross-Linked Electro-Optic Polymers},
	Volume = {22},
	Year = {2010}}

@article{Li10_6201,
	Author = {Wenkel Liang and Christine M. Isborn and Alex Lindsay and Xiaosong Li and Stanley M. Smith and Robert J. Levis},
	Journal = JPCA,
	Number = {21},
	Pages = {6201-6206},
	Title = {Time-Dependent Density Functional Theory Calculations of Ehrenfest Dynamics of Laser Controlled Dissociation of NO$^{+}$: Pulse Length and Sequential Multiple Single-Photon Processes},
	Url = {http://dx.doi.org/10.1021/jp102013b},
	Volume = {114},
	Year = {2010},
	Bdsk-Url-1 = {http://dx.doi.org/10.1021/jp102013b}}

@article{Li10_1927,
	Author = {Yong Feng and Ekaterina Badaeva and Daniel R. Gamelin and Xiaosong Li},
	Journal = JPCL,
	Number = {13},
	Pages = {1927-1931},
	Title = {Excited-State Double Exchange in Manganese-Doped ZnO Quantum Dots: A Time-Dependent Density-Functional Study},
	Volume = {1},
	Year = {2010}}

@article{Li10_2576,
	Author = {Stanley M. Smith and Dmitri A. Romanov and Xiaosong Li and Jason A. Sonk and H. Bernhard Schlegel and Robert J. Levis},
	Journal = JPCA,
	Number = {7},
	Pages = {2576-2587},
	Title = {Numerical Bound State Electron Dynamics of Carbon Dioxide in the Strong-Field Regime},
	Volume = {114},
	Year = {2010}}

@article{Li09_204101,
	Author = {Wenkel Liang and Christine M. Isborn and Xiaosong Li},
	Journal = JCP,
	Number = {20},
	Pages = {204101},
	Title = {Obtaining Hartree-Fock and Density Functional Theory Doubly Excited States with Car-Parrinello Density Matrix Search},
	Url = {http://dx.doi.org/10.1063/1.3266564},
	Volume = {131},
	Year = {2009},
	Bdsk-Url-1 = {http://dx.doi.org/10.1063/1.3266564}}

@article{Li09_681,
	Author = {Stefan T. Ochsenbein and Yong Feng and Kelly M. Whitaker and Ekaterina Badaeva and William K. Liu and Xiaosong Li and Daniel R. Gamelin},
	Journal = NN,
	Pages = {681-687},
	Title = {Charge-Controlled Magnetism in Colloidal Doped Semiconductor Nanocrystals},
	Volume = {4},
	Year = {2009}}

@article{Li09_2415,
	Author = {Christine M. Isborn and Xiaosong Li},
	Journal = JCTC,
	Number = {9},
	Pages = {2415-2419},
	Title = {Singlet-Triplet Transitions in Real-Time Time-Dependent Hartree-Fock/Density Functional Theory},
	Url = {http://dx.doi.org/10.1021/ct900264b},
	Volume = {5},
	Year = {2009},
	Bdsk-Url-1 = {http://dx.doi.org/10.1021/ct900264b}}

@article{Li09_024503,
	Author = {Christopher L. Moss and Christine M. Isborn and Xiaosong Li},
	Journal = PRA,
	Number = {2},
	Pages = {024503},
	Title = {Ehrenfest Dynamics with a Time-Dependent Density-Functional-Theory Calculation of Lifetimes and Resonant Widths of Charge-Transfer States of Li$^{+}$ Near an Aluminum Cluster Surface},
	Url = {http://dx.doi.org/10.1103/PhysRevA.80.024503},
	Volume = {80},
	Year = {2009},
	Bdsk-Url-1 = {http://dx.doi.org/10.1103/PhysRevA.80.024503}}

@article{Li09_234115,
	Author = {Xiaosong Li and Christopher L. Moss and Wenkel Liang and Yong Feng},
	Journal = JCP,
	Number = {23},
	Pages = {234115},
	Title = {Car-Parrinello Density Matrix Search with a First Principles Fictitious Electron Mass Method for Electronic Wave Function Optimization},
	Volume = {130},
	Year = {2009}}

@article{Li09_3463,
	Author = {Wenkel Liang and Christine M. Isborn and Xiaosong Li},
	Journal = JPCA,
	Number = {15},
	Pages = {3463-3469},
	Title = {Laser-Controlled Dissociation of C$_{2}$H$_{2}^{2+}$ : Ehrenfest Dynamics Using Time-Dependent Density Functional Theory},
	Volume = {113},
	Year = {2009}}

@article{Li09_8710,
	Author = {Ekateriana Badaeva and Christine M. Isborn and Yong Feng and Stefan T. Ochsenbein and Daniel R. Gamelin and Xiaosog Li},
	Journal = JPCC,
	Number = {20},
	Pages = {8710-8717},
	Title = {Theoretical Characterization of Electronic Transitions in Co$^{2+}$- and Mn$^{2+}$-Doped ZnO Nanocrystals},
	Volume = {113},
	Year = {2009}}

@article{Li08_204107,
	Author = {Christine M. Isborn and Xiaosong Li},
	Journal = JCP,
	Number = {20},
	Pages = {204107},
	Title = {Modeling the Doubly Excited State with Time-Dependent Hartree--Fock and Density Functional Theories},
	Volume = {129},
	Year = {2008}}

@article{Li08_18291,
	Author = {Christine M. Isborn and Svetlana V. Kilina and Xiaosong Li and Oleg V. Prezhdo},
	Journal = JPCC,
	Number = {47},
	Pages = {18291-18294},
	Title = {Generation of Multiple Excitons in PbSe and CdSe Quantum Dots by Direct Photoexcitation: First-Principles Calculations on Small PbSe and CdSe Clusters},
	Volume = {112},
	Year = {2008}}

@article{Li08_114102,
	Author = {Christopher L. Moss and Xiaosong Li},
	Journal = JCP,
	Number = {11},
	Pages = {114102},
	Title = {First Order Simultaneous Optimization of Molecular Geometry and Electronic Wave Function},
	Volume = {129},
	Year = {2008}}

@article{Li08_10565,
	Author = {Joshua A. Davies and Arumugasamy Elangovan and Philip A. Sullivan and Benjamin C. Olbricht and Denise H. Bale and Todd R. Ewy and Christine M. Isborn and Bruce E. Eichinger and Bruce H. Robinson and Philip J. Reid and Xiaosong Li and Larry R. Dalton},
	Journal = JACS,
	Number = {32},
	Pages = {10565-10575},
	Title = {Rational Enhancement of Second-Order Nonlinearity: Bis-(4-methoxyphenyl)hetero-aryl-amino Donor-Based Chromophores: Design, Synthesis, and Electrooptic Activity},
	Volume = {130},
	Year = {2008}}

@article{Li08_055013,
	Author = {Ekateriana Badaeva and Yong Feng and Daniel R. Gamelin and Xiaosong Li},
	Journal = NJP,
	Pages = {055013},
	Title = {Investigation of Pure and Co$^{2+}$-Doped ZnO Quantum Dot Electronic Structures Using the Density Functional Theory: Choosing the Right Functional},
	Volume = {10},
	Year = {2008}}

@article{Li07_9146,
	Author = {Kristin L. Wustholz and Eric D. Bott and Christine M. Isborn and Xiaosong Li and Bart Kahr and Philip J. Reid},
	Journal = JPCC,
	Number = {26},
	Pages = {9146-9156},
	Title = {Dispersive Kinetics from Single Molecules Oriented in Single Crystals of Potassium Acid Phthalate},
	Volume = {111},
	Year = {2007}}

@article{Li07_134307,
	Author = {Christine M. Isborn and Xiaosong Li and John C. Tully},
	Journal = JCP,
	Pages = {134307},
	Title = {TDDFT Ehrenfest Dynamics: Collisions between Atomic Oxygen and Graphite Clusters},
	Volume = {126},
	Year = {2007}}

@article{Li07_199,
	Author = {Xiaosong Li and John C. Tully},
	Journal = CPL,
	Number = {1-3},
	Pages = {199-203},
	Title = {Ab Initio Time-Resolved Density Functional Theory for Lifetimes of Excited Adsorbate States at Metal Surfaces},
	Volume = {439},
	Year = {2007}}

@article{Li07_6920,
	Author = {Stanley M. Smith and Xiaosong Li and Alexei Markevitch and Dmitri Romanov and Robert J. Levis and H. Bernhard Schlegel},
	Journal = JPCA,
	Number = {30},
	Pages = {6920-6932},
	Title = {Numerical Simulation of Nonadiabatic Electron Excitation in the Strong-Field Regime. 3. Polyacene Neutrals and Cations},
	Volume = {111},
	Year = {2007}}

@article{Li07_244110,
	Author = {H. Bernhard Schlegel and Stanley M. Smith and Xiaosong Li},
	Journal = JCP,
	Number = {24},
	Pages = {244110},
	Title = {Electronic Optical Response of Molecules in Intense Fields: Comparison of TD-HF, TD-CIS, and TD-CIS(D) Approaches},
	Volume = {126},
	Year = {2007}}

@article{Li06_835,
	Author = {Xiaosong Li and Michael J. Frisch},
	Journal = JCTC,
	Number = {3},
	Pages = {835-839},
	Title = {Energy-Represented Direct Inversion in the Iterative Subspace within a Hybrid Geometry Optimization Method},
	Volume = {2},
	Year = {2006}}

@article{Li05_10527,
	Author = {Stanley M. Smith and Xiaosong Li and Alexei N. Markevitch and Dmitri A. Romanov and Robert J. Levis and H. Bernhard Schlegel},
	Journal = JPCA,
	Number = {46},
	Pages = {10527-10534},
	Title = {Numerical Simulation of Nonadiabatic Electron Excitation in the Strong Field Regime. 2. Linear Polyene Cations},
	Volume = {109},
	Year = {2005}}

@article{Li05_084106,
	Author = {Xiaosong Li and John C. Tully and H. Bernhard Schlegel and Michael J. Frisch},
	Journal = JCP,
	Number = {8},
	Pages = {084106},
	Title = {Ab Initio Ehrenfest Dynamics},
	Volume = {123},
	Year = {2005}}

@article{Li05_233,
	Author = {Xiaosong Li and Stanley M. Smith and Alexei N. Markevitch and Dmitri A. Romanov and Robert J. Levis and H. Bernhard Schlegel},
	Issue = {2},
	Journal = PCCP,
	Pages = {233-239},
	Title = {A Time-Dependent Hartree-Fock Approach for Studying the Electronic Optical Response of Molecules in Intense Fields},
	Volume = {7},
	Year = {2005}}

@article{Li05_5176,
	Author = {Stanley M. Smith and Xiaosong Li and Alexei N. Markevitch and Dmitri A. Romanov and Robert J. Levis and H. Bernhard Schlegel},
	Journal = JPCA,
	Number = {23},
	Pages = {5176-5185},
	Title = {A Numerical Simulation of Nonadiabatic Electron Excitation in the Strong Field Regime:?? Linear Polyenes},
	Volume = {109},
	Year = {2005}}

@article{Li04_8526,
	Author = {Jie Li and Xiaosong Li and Sason Shaik and H. Bernhard Schlegel},
	Journal = JPCA,
	Pages = {8526-8532},
	Title = {Single Transition State Serves Two Mechanisms. Ab Initio Classical Trajectory Calculations of the Substitution-Electron Transfer Branching Ratio in CH$_{2}$O$^{\bullet -}$+CH$_{3}$Cl},
	Volume = {108},
	Year = {2004}}

@article{Li04_468,
	Author = {Xiaosong Li and H. Bernhard Schlegel},
	Journal = JPCA,
	Pages = {468-472},
	Title = {Ab Initio Classical Trajectory Calculations of Acetylene Dication Dissociation},
	Volume = {108},
	Year = {2004}}

@article{Li04_88,
	Author = {Yong Feng and Lei Liu and Jin-Ti Wang and Xiao-Song Li and Qing-Xiang Guo},
	Journal = CC,
	Pages = {88-89},
	Title = {Blue-Shifted Lithium Bonds},
	Volume = {1},
	Year = {2004}}

@article{Li04_1099,
	Author = {Yong Feng and Su-Wen Zhao and Lei Liu and Jin-Ti Wang and Xiao-Song Li and Qing-Xiang Guo},
	Journal = JPOC,
	Pages = {1099-1106},
	Title = {Blue-Shifted Dihydrogen Bonds},
	Volume = {17},
	Year = {2004}}

@article{Li04_11063,
	Author = {Stanley M. Smith and Alexei N. Markevitch and Dmitri A. Romanov and Xiaosong Li and Robert J. Levis and H. Bernhard Schlegel},
	Journal = JPCA,
	Pages = {11063-11072},
	Title = {Static and Dynamic Polarizabilities of Conjugated Molecules and Their Cations},
	Volume = {108},
	Year = {2004}}

@article{Li04_642,
	Author = {Jin-X Wang and Yong Feng and Lei Liu and Xiao-Song Li and Qing-Xiang Guo},
	Journal = CJC,
	Pages = {642-648},
	Title = {On the Correlation between the Blue Shif of Hydrogen Bonding and the Proton Donor-Proton Acceptor Distance},
	Volume = {22},
	Year = {2004}}

@article{Li03_7651,
	Author = {Xiaosong Li and John M. Millam and Gustavo E. Scuseria and Michael J. Frisch and H. Bernhard Schlegel},
	Journal = JCP,
	Pages = {7651},
	Title = {Density Matrix Search Using Direct Inversion in the Iterative Subspace as a Linear Scaling Alternative to Diagonalization in Electronic Structure Calculations},
	Volume = {119},
	Year = {2003}}

@article{Li03_746,
	Author = {Jin-Ti Wang and Yong Feng and Lei Liu and Xiao-Song Li and Qing-Xiang Guo},
	Journal = CL,
	Pages = {746-747},
	Title = {Blue-Shifted Hydrogen Bonds with Proton-Donors Incapable of Rehybridization},
	Volume = {32},
	Year = {2003}}

@article{Li02_2554,
	Author = {Xiaosong Li and Smriti Anand and John M. Millam and H. Bernhard Schlegel},
	Journal = PCCP,
	Pages = {2554-2559},
	Title = {An Ab Initio Direct Classical Trajectory Study of S-tetrazine Photodissociation},
	Volume = {4},
	Year = {2002}}

@article{Li02_9639,
	Author = {Xiaosong Li and Lei Liu and H. Bernhard Schlegel},
	Journal = JACS,
	Pages = {9639-9647},
	Title = {On the Physical Origin of Blue-Shifted Hydrogen Bonds},
	Volume = {124},
	Year = {2002}}

@article{Li02_8694,
	Author = {H. Bernhard Schlegel and Srinivasan S. Iyengar and Xiaosong Li and John M. Millam and Gregory A. Voth and Gustavo E. Scuseria and Michael J. Frisch},
	Journal = JCP,
	Pages = {8694},
	Title = {Ab Initio Molecular Dynamics: Propagating the Density Matrix with Gaussian Orbitals. III. Comparison with Born-Oppenheimer Dynamics},
	Volume = {117},
	Year = {2002}}

@article{Li02_41,
	Author = {Rong Chen and Yu-Hui Cheng and Lei Liu and Xiao-Song Li and Qing-Xiang Guo},
	Journal = RCI,
	Pages = {41-48},
	Title = {$\pi$-Type and $\Sigma$-Type Cation-$\pi$ Complexes of Atomic Cations},
	Volume = {28},
	Year = {2002}}

@article{Li02_11215,
	Author = {Yu-Hui Cheng and Lei Liu and Yao Fu and Rong Chen and Xiao-Song Li and Qing-Xiang Guo},
	Journal = JPCA,
	Pages = {11215-11220},
	Title = {Counterion Effects on the Cation-$\pi$ Interaction between Alkaline Earth Cations and Benzene},
	Volume = {106},
	Year = {2002}}

@article{Li02_247,
	Author = {Jian-Miao Fan and Ke-Chun Zhang and Lei Liu and Xiao-Song Li and Qing-Xiang Guo},
	Journal = CJC,
	Pages = {247-251},
	Title = {Substituent Effects on the Blue-Shifting Hydrogen Bonds between X--C$\equiv$C--CF$_{2}$--H and Water},
	Volume = {20},
	Year = {2002}}

@article{Li02_116,
	Author = {Ying Fang and Jian-Miao Fan and Lei Liu and Xiao-Song Li and Qing-Xiang Guo},
	Journal = CL,
	Pages = {116-117},
	Title = {Steric Effect Is an Additional Possible Cause of Blue-Shifting Hydrogen Bonds},
	Volume = {2002},
	Year = {31}}

@article{Li02_4669,
	Author = {Ying Fang and Lei Liu and Yong Feng and Xiao-Song Li and Qing-Xiang Guo},
	Journal = JPCA,
	Pages = {4669-4678},
	Title = {Effects of Hydrogen Bonding to Amines on the Phenol/Phenoxyl Radical Oxidation},
	Volume = {106},
	Year = {2002}}

@article{Li02_6651,
	Author = {Ke-Sheng Song and Yu-Hui Cheng and Yao Fu and Lei Liu and Xiao-Song Li and Qing-Xiang Guo},
	Journal = JPCA,
	Pages = {6651-6658},
	Title = {Radical Stabilization Energies of Substituted XNH$\boldsymbol{\cdot}$ Radicals},
	Volume = {106},
	Year = {2002}}

@article{Li01_61,
	Author = {Rong Chen and Ke-Chun Zhang and Lei Liu and Xiao-Song Li and Qing-Xiang Guo},
	Journal = CPL,
	Pages = {61-66},
	Title = {Substituent Effects in X--C$\equiv$C--H$\cdots$NH$_{3}$ (Or OH$_{2}$, FH) Hydrogen Bonding},
	Volume = {338},
	Year = {2001}}

@article{Li01_8897,
	Author = {Xiaosong Li and John M. Millam and H. Bernhard Schlegel},
	Journal = JCP,
	Pages = {8897-8904},
	Title = {Glyoxal Photodissociation. An Ab Initio Direct Classical Trajectory Study of C$_{2}$H$_{2}$O$_{2}\rightarrow$H$_{2}$ + 2CO},
	Volume = {114},
	Year = {2001}}

@article{Li01_6907,
	Author = {Xiaosong Li and John M. Millam and H. Bernhard Schlegel},
	Journal = JCP,
	Pages = {6907-6912},
	Title = {Glyoxal Photodissociation. II. An Ab Initio Direct Classical Trajectory Study of C$_{2}$H$_{2}$O$_{2}\rightarrow$CO + H$_{2}$CO},
	Volume = {115},
	Year = {2001}}

@article{Li01_8,
	Author = {Xiaosong Li and H. Bernhard Schlegel},
	Journal = JCP,
	Pages = {8-10},
	Title = {Photodissociation of Glyoxal: Resolution of a Paradox},
	Volume = {114},
	Year = {2001}}

@article{Li01_35,
	Author = {Lei Liu and Ke-Sheng Song and Xiao-Song Li and Qing-Xiang Guo},
	Journal = JIPMC,
	Pages = {35-39},
	Title = {Charge-Transfer Interaction: A Driving Force for Cyclodextrin Inclusion Complexation},
	Volume = {40},
	Year = {2001}}

@article{Li01_559,
	Author = {Ting-Wei Mu and Lei Liu and Xiao-Song Li and Qing-Xiang Guo},
	Journal = JPOC,
	Pages = {559-565},
	Title = {A Theoretical Study on the Inclusion Complexation of Cyclodextrins with Radical Cations and Anions},
	Volume = {14},
	Year = {2001}}

@article{Li01_105,
	Author = {Ke-Sheng Song and Chen-Rui Hou and Lei Liu and Xiao-Song Li and Qing-Xiang Guo},
	Journal = JPPA,
	Pages = {105-109},
	Title = {A Quantum-Chemical Study on the Molecular Recognition of $\Beta$-Cyclodextrin with Ground and Excited Xanthones},
	Volume = {139},
	Year = {2001}}

@article{Li00_849,
	Author = {Xiao-Song Li and Lei Liu and Ting-Wei Mu and Qing-Xiang Guo},
	Journal = MFC,
	Pages = {849-855},
	Title = {A Systematic Quantum Chemistry Study on Cyclodextrins},
	Volume = {131},
	Year = {2000}}

@article{Li00_375,
	Author = {Xiao-Song Li and Lei Liu and Ting-Wei Mu and Qing-Xiang Guo and You-Cheng Liu},
	Journal = RCI,
	Pages = {375-384},
	Title = {A Theoretical Study on the Structure and Properties of Phenothiazine Derivatives and Their Radical Cations},
	Volume = {26},
	Year = {2000}}

@article{Li00_10062,
	Author = {Xiaosong Li and John M. Millam and H. Bernhard Schlegel},
	Journal = JCP,
	Pages = {10062-10067},
	Title = {Ab Initio Molecular Dynamics Studies of the Photodissociation of Formaldehyde, H$_{2}$CO$\rightarrow$H$_{2}$ + CO: Direct Classical Trajectory Calculations by MP2 and Density Functional Theory},
	Volume = {113},
	Year = {2000}}

@article{Li00_31,
	Author = {Lei Liu and Xiao-Song Li and Qing-Xiang Guo},
	Journal = JMS,
	Pages = {31-37},
	Title = {Orientation Conversion in the Complexation of $\Alpha$-Cyclodextrin with 4-Fluorophenol: A PM3 Quantum Chemical Study},
	Volume = {530},
	Year = {2000}}

@article{Li00_199,
	Author = {Lei Liu and Xiao-Song Li and Ting-Wei Mu and Qing-Xiang Guo and You-Cheng Liu},
	Journal = JIPMC,
	Pages = {199-206},
	Title = {Interplay between Molecular Recognition and Redox Properties: A Theoretical Study of the Inclusion Complexation of $\Beta$-Cyclodextrin with Phenothiazine and Its Radical Cation},
	Volume = {38},
	Year = {2000}}

@article{Li00_127,
	Author = {Lei Liu and Xiao-Song Li and Ke-Sheng Song and Qing-Xiaog Guo},
	Journal = JMS,
	Pages = {127-134},
	Title = {PM3 Studies on the Complexation of $\Alpha$-cyclodextrin with Benzaldehyde and Acetophenone},
	Volume = {531},
	Year = {2000}}

@article{Li00_739,
	Author = {Ke-Sheng Song and Lei Liu and Chen-Rui Hou and Xiao-Song Li and Qing-Xiang Guo},
	Journal = RCI,
	Pages = {739-745},
	Title = {Molecular Orbital and DFT Studies of the Alimemazine Radical Cation},
	Volume = {26},
	Year = {2000}}

@article{Li99_117,
	Author = {Xiao-Song Li and Lei Liu and Qing-Xiang Guo and Shi-Dong Chu and You-Cheng Liu},
	Journal = CPL,
	Pages = {117-120},
	Title = {PM3 Molecular Orbital Calculations on the Complexation of $\Alpha$-Cyclodextrin with Acetophenone},
	Volume = {307},
	Year = {1999}}

@article{Li99_1053,
	Author = {Lei Liu and Xiao-Song Li and Qing-Xiang Guo and You-Cheng Liu},
	Journal = CCL,
	Pages = {1053-1056},
	Title = {Hartree-Fock and Density Functional Theory Studies on the Molecular Recognition of the Cyclodextrin},
	Volume = {10},
	Year = {1999}}

@misc{G09D,
	Author = {M. J. Frisch and G. W. Trucks and H. B. Schlegel and G. E. Scuseria and M. A. Robb and J. R. Cheeseman and G. Scalmani and V. Barone and B. Mennucci and G. A. Petersson and H. Nakatsuji and M. Caricato and X. Li and H. P. Hratchian and A. F. Izmaylov and J. Bloino and G. Zheng and J. L. Sonnenberg and M. Hada and M. Ehara and K. Toyota and R. Fukuda and J. Hasegawa and M. Ishida and T. Nakajima and Y. Honda and O. Kitao and H. Nakai and T. Vreven and J. A. Montgomery {Jr.} and J. E. Peralta and F. Ogliaro and M. Bearpark and J. J. Heyd and E. Brothers and K. N. Kudin and V. N. Staroverov and R. Kobayashi and J. Normand and K. Raghavachari and A. Rendell and J. C. Burant and S. S. Iyengar and J. Tomasi and M. Cossi and N. Rega and J. M. Millam and M. Klene and J. E. Knox and J. B. Cross and V. Bakken and C. Adamo and J. Jaramillo and R. Gomperts and R. E. Stratmann and O. Yazyev and A. J. Austin and R. Cammi and C. Pomelli and J. W. Ochterski and R. L. Martin and K. Morokuma and V. G. Zakrzewski and G. A. Voth and P. Salvador and J. J. Dannenberg and S. Dapprich and A. D. Daniels and \"O. Farkas and J. B. Foresman and J. V. Ortiz and J. Cioslowski and D. J. Fox},
	Grants = {Gaussian Inc., Wallingford CT 2013},
	Title = {Gaussian~09 {R}evision {D}.01}}

@misc{G09C,
	Author = {M. J. Frisch and G. W. Trucks and H. B. Schlegel and G. E. Scuseria and M. A. Robb and J. R. Cheeseman and G. Scalmani and V. Barone and B. Mennucci and G. A. Petersson and H. Nakatsuji and M. Caricato and X. Li and H. P. Hratchian and A. F. Izmaylov and J. Bloino and G. Zheng and J. L. Sonnenberg and M. Hada and M. Ehara and K. Toyota and R. Fukuda and J. Hasegawa and M. Ishida and T. Nakajima and Y. Honda and O. Kitao and H. Nakai and T. Vreven and J. A. Montgomery {Jr.} and J. E. Peralta and F. Ogliaro and M. Bearpark and J. J. Heyd and E. Brothers and K. N. Kudin and V. N. Staroverov and T. Keith and R. Kobayashi and J. Normand and K. Raghavachari and A. Rendell and J. C. Burant and S. S. Iyengar and J. Tomasi and M. Cossi and N. Rega and J. M. Millam and M. Klene and J. E. Knox and J. B. Cross and V. Bakken and C. Adamo and J. Jaramillo and R. Gomperts and R. E. Stratmann and O. Yazyev and A. J. Austin and R. Cammi and C. Pomelli and J. W. Ochterski and R. L. Martin and K. Morokuma and V. G. Zakrzewski and G. A. Voth and P. Salvador and J. J. Dannenberg and S. Dapprich and A. D. Daniels and \"O. Farkas and J. B. Foresman and J. V. Ortiz and J. Cioslowski and D. J. Fox},
	Grants = {Gaussian Inc., Wallingford CT 2010},
	Title = {Gaussian~09 {R}evision {C}.01}}

@misc{GDVH01,
	Author = {M. J. Frisch and G. W. Trucks and H. B. Schlegel and G. E. Scuseria and M. A. Robb and J. R. Cheeseman and G. Scalmani and V. Barone and B. Mennucci and G. A. Petersson and H. Nakatsuji and M. Caricato and X. Li and H. P. Hratchian and A. F. Izmaylov and J. Bloino and G. Zheng and J. L. Sonnenberg and M. Hada and M. Ehara and K. Toyota and R. Fukuda and J. Hasegawa and M. Ishida and T. Nakajima and Y. Honda and O. Kitao and H. Nakai and T. Vreven and J. A. Montgomery, {Jr.} and J. E. Peralta and F. Ogliaro and M. Bearpark and J. J. Heyd and E. Brothers and K. N. Kudin and V. N. Staroverov and R. Kobayashi and J. Normand and K. Raghavachari and A. Rendell and J. C. Burant and S. S. Iyengar and J. Tomasi and M. Cossi and N. Rega and J. M. Millam and M. Klene and J. E. Knox and J. B. Cross and V. Bakken and C. Adamo and J. Jaramillo and R. Gomperts and R. E. Stratmann and O. Yazyev and A. J. Austin and R. Cammi and C. Pomelli and J. W. Ochterski and R. L. Martin and K. Morokuma and V. G. Zakrzewski and G. A. Voth and P. Salvador and J. J. Dannenberg and S. Dapprich and P. V. Parandekar and N. J. Mayhall and A. D. Daniels and \"O. Farkas and J. B. Foresman and J. V. Ortiz and J. Cioslowski and D. J. Fox},
	Grants = {Gaussian Inc., Wallingford CT 2009},
	Title = {Gaussian~{D}evelopment~{V}ersion {R}evision {H}.01}}

@misc{GDVH09P,
	Author = {M. J. Frisch and G. W. Trucks and H. B. Schlegel and G. E. Scuseria and M. A. Robb and J. R. Cheeseman and G. Scalmani and V. Barone and B. Mennucci and G. A. Petersson and H. Nakatsuji and M. Caricato and X. Li and H. P. Hratchian and A. F. Izmaylov and J. Bloino and G. Zheng and J. L. Sonnenberg and M. Hada and M. Ehara and K. Toyota and R. Fukuda and J. Hasegawa and M. Ishida and T. Nakajima and Y. Honda and O. Kitao and H. Nakai and T. Vreven and J. A. Montgomery {Jr.} and J. E. Peralta and F. Ogliaro and M. Bearpark and J. J. Heyd and E. Brothers and K. N. Kudin and V. N. Staroverov and T. Keith and R. Kobayashi and J. Normand and K. Raghavachari and A. Rendell and J. C. Burant and S. S. Iyengar and J. Tomasi and M. Cossi and N. Rega and J. M. Millam and M. Klene and J. E. Knox and J. B. Cross and V. Bakken and C. Adamo and J. Jaramillo and R. Gomperts and R. E. Stratmann and O. Yazyev and A. J. Austin and R. Cammi and C. Pomelli and J. W. Ochterski and R. L. Martin and K. Morokuma and V. G. Zakrzewski and G. A. Voth and P. Salvador and J. J. Dannenberg and S. Dapprich and P. V. Parandekar and N. J. Mayhall and A. D. Daniels and \"O. Farkas and J. B. Foresman and J. V. Ortiz and J. Cioslowski and D. J. Fox},
	Grants = {Gaussian Inc., Wallingford CT 2011},
	Title = {Gaussian~{D}evelopment~{V}ersion {R}evision {H}.09+}}

@misc{GDVH12P,
	Author = {M. J. Frisch and G. W. Trucks and H. B. Schlegel and G. E. Scuseria and M. A. Robb and J. R. Cheeseman and G. Scalmani and V. Barone and B. Mennucci and G. A. Petersson and H. Nakatsuji and M. Caricato and X. Li and H. P. Hratchian and A. F. Izmaylov and J. Bloino and G. Zheng and J. L. Sonnenberg and W. Liang and M. Hada and M. Ehara and K. Toyota and R. Fukuda and J. Hasegawa and M. Ishida and T. Nakajima and Y. Honda and O. Kitao and H. Nakai and T. Vreven and J. A. Montgomery, {Jr.} and J. E. Peralta and F. Ogliaro and M. Bearpark and J. J. Heyd and E. Brothers and K. N. Kudin and V. N. Staroverov and T. Keith and R. Kobayashi and J. Normand and K. Raghavachari and A. Rendell and J. C. Burant and S. S. Iyengar and J. Tomasi and M. Cossi and N. Rega and J. M. Millam and M. Klene and J. E. Knox and J. B. Cross and V. Bakken and C. Adamo and J. Jaramillo and R. Gomperts and R. E. Stratmann and O. Yazyev and A. J. Austin and R. Cammi and C. Pomelli and J. W. Ochterski and R. L. Martin and K. Morokuma and V. G. Zakrzewski and G. A. Voth and P. Salvador and J. J. Dannenberg and S. Dapprich and P. V. Parandekar and N. J. Mayhall and A. D. Daniels and \"O. Farkas and J. B. Foresman and J. V. Ortiz and J. Cioslowski and D. J. Fox},
	Grants = {Gaussian Inc., Wallingford CT 2011},
	Title = {Gaussian~{D}evelopment~{V}ersion {R}evision {H}.12+}}

@misc{GDVH13,
	Author = {M. J. Frisch and G. W. Trucks and H. B. Schlegel and G. E. Scuseria and M. A. Robb and J. R. Cheeseman and G. Scalmani and V. Barone and B. Mennucci and G. A. Petersson and H. Nakatsuji and M. Caricato and X. Li and H. P. Hratchian and A. F. Izmaylov and J. Bloino and G. Zheng and J. L. Sonnenberg and W. Liang and M. Hada and M. Ehara and K. Toyota and R. Fukuda and J. Hasegawa and M. Ishida and T. Nakajima and Y. Honda and O. Kitao and H. Nakai and T. Vreven and J. A. Montgomery {Jr.} and J. E. Peralta and F. Ogliaro and M. Bearpark and J. J. Heyd and E. Brothers and K. N. Kudin and V. N. Staroverov and T. Keith and R. Kobayashi and J. Normand and K. Raghavachari and A. Rendell and J. C. Burant and S. S. Iyengar and J. Tomasi and M. Cossi and N. Rega and J. M. Millam and M. Klene and J. E. Knox and J. B. Cross and V. Bakken and C. Adamo and J. Jaramillo and R. Gomperts and R. E. Stratmann and O. Yazyev and A. J. Austin and R. Cammi and C. Pomelli and J. W. Ochterski and R. L. Martin and K. Morokuma and V. G. Zakrzewski and G. A. Voth and P. Salvador and J. J. Dannenberg and S. Dapprich and P. V. Parandekar and N. J. Mayhall and A. D. Daniels and \"O. Farkas and J. B. Foresman and J. V. Ortiz and J. Cioslowski and D. J. Fox},
	Grants = {Gaussian Inc., Wallingford CT 2012},
	Title = {Gaussian~{D}evelopment~{V}ersion {R}evision {H}.13}}

@misc{GDVH21,
	Author = {M. J. Frisch and G. W. Trucks and H. B. Schlegel and G. E. Scuseria and M. A. Robb and J. R. Cheeseman and G. Scalmani and V. Barone and B. Mennucci and G. A. Petersson and H. Nakatsuji and M. Caricato and X. Li and H. P. Hratchian and A. F. Izmaylov and J. Bloino and G. Zheng and J. L. Sonnenberg and W. Liang and M. Hada and M. Ehara and K. Toyota and R. Fukuda and J. Hasegawa and M. Ishida and T. Nakajima and Y. Honda and O. Kitao and H. Nakai and T. Vreven and J. A. Montgomery, {Jr.} and J. E. Peralta and F. Ogliaro and M. Bearpark and J. J. Heyd and E. Brothers and K. N. Kudin and V. N. Staroverov and T. Keith and R. Kobayashi and J. Normand and K. Raghavachari and A. Rendell and J. C. Burant and S. S. Iyengar and J. Tomasi and M. Cossi and N. Rega and J. M. Millam and M. Klene and J. E. Knox and J. B. Cross and V. Bakken and C. Adamo and J. Jaramillo and R. Gomperts and R. E. Stratmann and O. Yazyev and A. J. Austin and R. Cammi and C. Pomelli and J. W. Ochterski and R. L. Martin and K. Morokuma and V. G. Zakrzewski and G. A. Voth and P. Salvador and J. J. Dannenberg and S. Dapprich and P. V. Parandekar and N. J. Mayhall and A. D. Daniels and \"O. Farkas and J. B. Foresman and J. V. Ortiz and J. Cioslowski and D. J. Fox},
	Grants = {Gaussian Inc., Wallingford CT 2012},
	Title = {Gaussian~{D}evelopment~{V}ersion {R}evision {H}.21}}

@misc{GDVI02,
	Author = {M. J. Frisch and G. W. Trucks and H. B. Schlegel and G. E. Scuseria and M. A. Robb and J. R. Cheeseman and G. Scalmani and V. Barone and B. Mennucci and G. A. Petersson and H. Nakatsuji and M. Caricato and X. Li and H. P. Hratchian and A. F. Izmaylov and J. Bloino and G. Zheng and J. L. Sonnenberg and W. Liang and M. Hada and M. Ehara and K. Toyota and R. Fukuda and J. Hasegawa and M. Ishida and T. Nakajima and Y. Honda and O. Kitao and H. Nakai and T. Vreven and J. A. Montgomery, {Jr.} and J. E. Peralta and F. Ogliaro and M. Bearpark and J. J. Heyd and E. Brothers and K. N. Kudin and V. N. Staroverov and T. Keith and R. Kobayashi and J. Normand and K. Raghavachari and A. Rendell and J. C. Burant and S. S. Iyengar and J. Tomasi and M. Cossi and N. Rega and J. M. Millam and M. Klene and J. E. Knox and J. B. Cross and V. Bakken and C. Adamo and J. Jaramillo and R. Gomperts and R. E. Stratmann and O. Yazyev and A. J. Austin and R. Cammi and C. Pomelli and J. W. Ochterski and R. L. Martin and K. Morokuma and V. G. Zakrzewski and G. A. Voth and P. Salvador and J. J. Dannenberg and S. Dapprich and P. V. Parandekar and N. J. Mayhall and A. D. Daniels and \"O. Farkas and J. B. Foresman and J. V. Ortiz and J. Cioslowski and D. J. Fox},
	Grants = {Gaussian Inc., Wallingford CT 2012},
	Title = {Gaussian~{D}evelopment~{V}ersion {R}evision {I}.02}}

@misc{GDVI04,
	Author = {M. J. Frisch and G. W. Trucks and H. B. Schlegel and G. E. Scuseria and M. A. Robb and J. R. Cheeseman and G. Scalmani and V. Barone and B. Mennucci and G. A. Petersson and H. Nakatsuji and M. Caricato and X. Li and H. P. Hratchian and A. F. Izmaylov and J. Bloino and G. Zheng and J. L. Sonnenberg and W. Liang and M. Hada and M. Ehara and K. Toyota and R. Fukuda and J. Hasegawa and M. Ishida and T. Nakajima and Y. Honda and O. Kitao and H. Nakai and T. Vreven and J. A. Montgomery, {Jr.} and J. E. Peralta and F. Ogliaro and M. Bearpark and J. J. Heyd and E. Brothers and K. N. Kudin and V. N. Staroverov and T. Keith and R. Kobayashi and J. Normand and K. Raghavachari and A. Rendell and J. C. Burant and S. S. Iyengar and J. Tomasi and M. Cossi and N. Rega and J. M. Millam and M. Klene and J. E. Knox and J. B. Cross and V. Bakken and C. Adamo and J. Jaramillo and R. Gomperts and R. E. Stratmann and O. Yazyev and A. J. Austin and R. Cammi and C. Pomelli and J. W. Ochterski and R. L. Martin and K. Morokuma and V. G. Zakrzewski and G. A. Voth and P. Salvador and J. J. Dannenberg and S. Dapprich and P. V. Parandekar and N. J. Mayhall and A. D. Daniels and \"O. Farkas and J. B. Foresman and J. V. Ortiz and J. Cioslowski and D. J. Fox},
	Title = {Gaussian~{D}evelopment~{V}ersion {R}evision {I}.04},
	Grants = {Gaussian Inc., Wallingford CT 2012}}

@misc{G16A03,
author={M. J. Frisch and G. W. Trucks and H. B. Schlegel and G. E. Scuseria and 
    M. A. Robb and J. R. Cheeseman and G. Scalmani and V. Barone and G. A. Petersson and 
    H. Nakatsuji and X. Li and M. Caricato and A. V. Marenich and J. Bloino and 
    B. G. Janesko and R. Gomperts and B. Mennucci and H. P. Hratchian and J. V. Ortiz and 
    A. F. Izmaylov and J. L. Sonnenberg and D. Williams-Young and F. Ding and 
    F. Lipparini and F. Egidi and J. Goings and B. Peng and A. Petrone and 
    T. Henderson and D. Ranasinghe and V. G. Zakrzewski and J. Gao and N. Rega and 
    G. Zheng and W. Liang and M. Hada and M. Ehara and K. Toyota and R. Fukuda and 
    J. Hasegawa and M. Ishida and T. Nakajima and Y. Honda and O. Kitao and 
    H. Nakai and T. Vreven and K. Throssell and Montgomery, {Jr.}, J. A. and 
    J. E. Peralta and F. Ogliaro and M. J. Bearpark and J. J. Heyd and E. N. Brothers and 
    K. N. Kudin and V. N. Staroverov and T. A. Keith and R. Kobayashi and J. Normand and 
    K. Raghavachari and A. P. Rendell and J. C. Burant and S. S. Iyengar and J. Tomasi and 
    M. Cossi and J. M. Millam and M. Klene and C. Adamo and R. Cammi and 
    J. W. Ochterski and R. L. Martin and K. Morokuma and O. Farkas and J. B. Foresman and 
    D. J. Fox},
title={Gaussian~16 {R}evision {A}.03},
note={Gaussian Inc. Wallingford CT 2016}
}

