% Response Theory
@article{Hattig98_1,
  title={Response Functions from Fourier Component Variational Perturbation Theory Applied to a Time-Averaged Quasienergy},
  author={Christiansen, Ove and J{\o}rgensen, Poul and H{\"a}ttig, Christof},
  journal=IJQC,
  volume={68},
  number={1},
  pages={1--52},
  year={1998},
  publisher={Citeseer}
}


@book{Ring_book,
  title={The Nuclear Many-Body Problem},
  author={Ring, Peter and Schuck, Peter},
  year={2004},
  publisher={Springer Science \& Business Media}
}

@article{Ruud12_543,
  title={Recent Advances in Wave Function-Based Methods of Molecular-Property Calculations},
  author={Helgaker, Trygve and Coriani, Sonia and J{\o}rgensen, Poul and Kristensen, Kasper and Olsen, Jeppe and Ruud, Kenneth},
  journal=CR,
  volume={112},
  number={1},
  pages={543--631},
  year={2012},
  publisher={ACS Publications}
}

%TDHF
@article{Rowe68_153,
  title={Equations-of-Motion Method and the Extended Shell Model},
  author={Rowe, D.J.},
  journal=RMP,
  volume={40},
  number={1},
  pages={153},
  year={1968},
  publisher={APS}
}


%LR

@article{Oddershede01_JCP,
  title={Near-Resonant Absorption in the Time-Dependent Self-Consistent Field and Multiconfigurational Self-Consistent Field Approximations},
  author={Norman, Patrick and Bishop, David M and J{\o}rgen Aa. Jensen, Hans and Oddershede, Jens},
  journal=JCP,
  volume={115},
  number={22},
  pages={10323--10334},
  year={2001},
  publisher={AIP}
}

@book{Jorgensen_book,
  booktitle = {Second Quantization--Based Methods in Quantum Chemistry},
  author = {Poul J{\o}rgensen and Jack Simmons},
  publisher = {Academic Press Inc.},
  year = {1981}
}

@book{Stohr_book,
  title={NEXAFS Spectroscopy},
  author={St{\"o}hr, Joachim},
  volume={25},
  year={2013},
  publisher={Springer Science \& Business Media}
}


@article{Haser93_1262,
author = {Horst Weiss and Reinhart Ahlrichs and Marco H\"{a}ser},
title = {A Direct Algorithm for Self‐Consistent‐Field Linear Response Theory and Application to C60: Excitation Energies, Oscillator Strengths, and Frequency‐Dependent Polarizabilities},
journal = JCP,
volume = {99},
number = {2},
pages = {1262-1270},
year = {1993},
doi = {10.1063/1.465370},
}
   

% Relativistic
@article{Norman10_064105,
  title={Linear Complex Polarization Propagator in a Four-Component Kohn--Sham Framework},
  author={Villaume, Sebastien and Saue, Trond and Norman, Patrick},
  journal=JCP,
  volume={133},
  number={6},
  pages={064105},
  year={2010},
  publisher={AIP}
}


% CC
@article{Monkhorst77_421,
  title={Calculation of Properties with the Coupled-Cluster Method},
  author={Monkhorst, Hendrik J},
  journal=IJQC,
  volume={12},
  number={S11},
  pages={421--432},
  year={1977},
  publisher={Wiley Online Library}
}

@article{Jorgensen90_3333,
  title={Coupled Cluster Response Functions},
  author={Koch, Henrik and J{\o}rgensen, Poul},
  journal=JCP,
  volume={93},
  number={5},
  pages={3333--3344},
  year={1990},
  publisher={AIP}
}

@article{Bartlett93_7029,
  title={The Equation of Motion Coupled-Cluster Method. A Systematic Biorthogonal Approach to Molecular Excitation Energies, Transition Probabilities, and Excited State Properties},
  author={Stanton, John F and Bartlett, Rodney J},
  journal=JCP,
  volume={98},
  number={9},
  pages={7029--7039},
  year={1993},
  publisher={AIP}
}

@article{Bartlett93_414,
  title={The Equation-of-Motion Coupled-Cluster Method. Applications to Open-and Closed-Shell Reference States},
  author={Comeau, Donald C and Bartlett, Rodney J},
  journal=CPL,
  volume={207},
  number={4-6},
  pages={414--423},
  year={1993},
  publisher={Elsevier}
}

% CC Absorption

@book{Bartlett09_Book,
  title={Many-Body Methods in Chemistry and Physics: MBPT and Coupled-Cluster Theory},
  author={Shavitt, Isaiah and Bartlett, Rodney J},
  year={2009},
  publisher={Cambridge university press}
}


@article{Norman11_1610,
  title={On the Efficiency of Algorithms for Solving Hartree--Fock and Kohn--Sham Response Equations},
  author={Kauczor, Joanna and J{\o}rgensen, Poul and Norman, Patrick},
  journal=JCTC,
  volume={7},
  number={6},
  pages={1610--1630},
  year={2011},
  publisher={ACS Publications}
}

% REW TD-DFT
@article{DeSimone03_115,
  title={Time Dependent Density Functional Theory of Core Electrons Excitations},
  author={Stener, M and Fronzoni, G and De Simone, M},
  journal=CPL,
  volume={373},
  number={1},
  pages={115--123},
  year={2003},
  publisher={Elsevier}
}

@article{Neese07_2783,
  title={Description of the Ground-State Covalencies of the Bis (dithiolato) Transition-Metal Complexes from X-ray Absorption Spectroscopy and Time-Dependent Density-Functional Calculations},
  author={Ray, Kallol and DeBeer George, Serena and Solomon, Edward I and Wieghardt, Karl and Neese, Frank},
  journal=CEJ,
  volume={13},
  number={10},
  pages={2783--2797},
  year={2007},
  publisher={Wiley Online Library}
}

@article{Asmuruf10_12024,
  title={Time-Dependent Density Functional Theory Calculations of the Spectroscopy of Core Electrons},
  author={Besley, Nicholas A and Asmuruf, Frans A},
  journal=PCCP,
  volume={12},
  number={38},
  pages={12024--12039},
  year={2010},
  publisher={Royal Society of Chemistry}
}


% CPP-CC
@article{Norman12_1616,
  title={Asymmetric-Lanczos-chain-driven implementation of electronic resonance convergent coupled-cluster linear response theory},
  author={Coriani, Sonia and Fransson, Thomas and Christiansen, Ove and Norman, Patrick},
  journal=JCTC,
  volume={8},
  number={5},
  pages={1616--1628},
  year={2012},
  publisher={ACS Publications}
}

@article{Norman13_124311,
  title={Carbon X-ray Absorption Spectra of Fluoroethenes and Acetone: A Study at the Coupled Cluster, Density Functional, and Static-exchange Levels of Theory},
  author={Fransson, Thomas and Coriani, Sonia and Christiansen, Ove and Norman, Patrick},
  journal=JCP,
  volume={138},
  number={12},
  pages={124311},
  year={2013},
  publisher={AIP}
}

@misc{Coriani13_211102,
  title={Communication: A Reduced-Space Algorithm for the Solution of the Complex Linear Response Equations used in Coupled Cluster Damped Response Theory},
  author={Kauczor, Joanna and Norman, Patrick and Christiansen, Ove and Coriani, Sonia},
  journal = JCP,
  pages={211102},
  year={2013},
  publisher={AIP}
}



@article{Mathieu15_21866,
   author = {Norman, Patrick and Parello, Joseph and Polavarapu, Prasad L. and Linares, Mathieu},
   journal = PCCP,
   number = {34},
   pages = {21866--21879},
   publisher = {Royal Society of Chemistry},
   title = {Predicting Near-UV Electronic Circular Dichroism in Nucleosomal DNA by Means of DFT Response Theory},
   volume = {17},
   DOI = {10.1039/c5cp02481a},
   year = {2015}
}



@article{Norman16_1991,
  title={A Polarization Propagator for Nonlinear X-ray Spectroscopies},
  author={Fahleson, Tobias and {\AA}gren, Hans and Norman, Patrick},
  journal=JPCL,
  volume={7},
  number={11},
  pages={1991--1995},
  year={2016},
  publisher={ACS Publications}
}

@article{Norman12_022507,
  title={Coupled-Cluster Response Theory for Near-Edge X-Ray-Absorption Fine Structure of Atoms and Molecules},
  author={Coriani, Sonia and Christiansen, Ove and Fransson, Thomas and Norman, Patrick},
  journal=PRA,
  volume={85},
  number={2},
  pages={022507},
  year={2012},
  publisher={APS}
}


@article{Norman10_5096,
  title={Complex Polarization Propagator Approach in the Restricted Open-Shell, Self-Consistent Field Approximation: The Near K-Edge X-ray Absorption Fine Structure Spectra of Allyl and Copper Phthalocyanine},
  author={Linares, Mathieu and Stafström, Sven and Rinkevicius, Zilvinas and {\AA}gren, Hans and Norman, Patrick},
  journal=JPCB,
  volume={115},
  number={18},
  pages={5096--5102},
  year={2010},
  publisher={ACS Publications}
}

@article{Agren06_143001,
  title={Polarization Propagator for X-ray Spectra},
  author={Ekstr{\"o}m, Ulf and Norman, Patrick and Carravetta, Vincenzo and {\AA}gren, Hans},
  journal=PRL,
  volume={97},
  number={14},
  pages={143001},
  year={2006},
  publisher={APS}
}

@book{Rubio_Book,
  title={Fundamentals of Time-Dependent Density Functional Theory},
  author={Marques, Miguel AL and Maitra, Neepa T and Nogueira, Fernando MS and Gross, Eberhard KU and Rubio, Angel},
  volume={837},
  year={2012},
  chapter={7},
  publisher={Springer Science \& Business Media}
}

% Davidson
@article{Morgan92_287,
  author = {R. B. Morgan},
  title = {{Generalizations of Davidson's Method for Computing
    Eigenvalues of Large Non--Symmetric Matricies}},
  journal = JCoP,
  volume = {101},
  year = {1992},
  pages = {287--291}
}

@article{Scott86_817,
  author = {R. B. Morgan and D. S. Scott},
  title = {{Generalizations of Davidson's Method for Computing
    Eigenvalues of Sparse Symmetric Matricies}},
  journal = {{SIAM J. Sci. Statist. Comput.}},
  volume = {7},
  pages = { 817--825 },
  year = {1986}
}

@article{Davidson75_87,
  author = {E. R. Davidson},
  title = {{The Iterative Calculation of a Few of the Lowest 
    Eigenvalues and Corresponding Eigenvectors of Large 
    Real--Symmetric Matricies}},
  journal = JCoP,
  volume = {17},
  pages = {87},
  year = {1975}
}


% GMRES
@article{Walker88_152,
  title={Implementation of the GMRES Method using Householder Transformations},
  author={Walker, Homer F},
  journal={{SIAM J. Sci. Stat. Comp.}},
  volume={9},
  number={1},
  pages={152--163},
  year={1988},
  publisher={SIAM}
}

@article{zuev_etal2015,
  title={New Algorithms for Iterative Matrix-Free Eigensolvers in Quantum Chemistry},
  author={Zuev, Dmitry and Vecharynski, Eugene and Yang, Chao and Orms, Natalie and Krylov, Anna I.},
  journal=JCC,
  volume={36},
  number={5},
  pages={273--284},
  year={2015},
}

% FOPPA

@article{Yeager84_33,
  title={Polarization Propagator Methods in Atomic and Molecular Calculations},
  author={Oddershede, Jens and J{\o}rgensen, Poul and Yeager, Danny L},
  journal={Comp. Phys. Rep.},
  volume={2},
  number={2},
  pages={33--92},
  year={1984},
  publisher={Elsevier}
}

@article{Frisch98_8218,
  title={An Efficient Implementation of Time-Dependent Density-Functional Theory for the Calculation of Excitation Energies of Large Molecules},
  author={Stratmann, R Eric and Scuseria, Gustavo E and Frisch, Michael J},
  journal=JCP,
  volume={109},
  number={19},
  pages={8218--8224},
  year={1998},
  publisher={AIP}
}

% OSC STR
@article{McKoy75_1168,
  title={Some Applications of Excited-State-Excited-State Transition Densities},
  author={Yeager, DL and Nascimento, MAC and McKoy, V},
  journal=PRA,
  volume={11},
  number={4},
  pages={1168},
  year={1975},
  publisher={APS}
}

@article{Harris69_3947,
  title={Oscillator Strengths and Rotational Strengths in Hartree--Fock Theory},
  author={Harris, Robert A},
  journal=JCP,
  volume={50},
  number={9},
  pages={3947--3951},
  year={1969},
  publisher={AIP}
}

@article{Ball64_844,
  title={Time-Dependent Hartree--Fock Theory for Molecules},
  author={McLachlan, AD and Ball, MA},
  journal={Rev. Mod. Phys.},
  volume={36},
  number={3},
  pages={844},
  year={1964},
  publisher={APS}
}

@misc{bsepack,
  author = {Shao, Meiyue and Yang, Chao},
  title = {BSEPACK User's Guide},
  note = {https://sites.google.com/a/lbl.gov/bsepack/},
  year = {2016}
}

Automatically generated by Mendeley Desktop 1.17.6
Any changes to this file will be lost if it is regenerated by Mendeley.

BibTeX export options can be customized via Preferences -> BibTeX in Mendeley Desktop

@article{olje1988,
abstract = {The eigenvalue equation and the sets of linear equations that occur in linear and nonlinear response function calculations have a specific paired structure. We have developed iterative algorithms which utilize this structure to efficiently solve the equations. The algorithms have been designed so they do not require the matrices to be explicitly available, which makes it possible to perform accurate calculations with a dimension of maybe 106. Numerical tests show convergence behavior superior to previously suggested algorithms.},
author = {Olsen, Jeppe and Jensen, Hans J{\o}rgen Aa and J{\o}rgensen, Poul},
doi = {10.1016/0021-9991(88)90081-2},
file = {:Users/rvanbeeumen/Documents/mendeley/Olsen, Jensen, J{\o}rgensen - 1988 - Solution of the large matrix equations which occur in response theory.pdf:pdf},
issn = {00219991},
journal = JCoP,
month = {feb},
number = {2},
pages = {265--282},
title = {{Solution of the large matrix equations which occur in response theory}},
url = {http://linkinghub.elsevier.com/retrieve/pii/0021999188900812},
volume = {74},
year = {1988}
}
@article{beme1998,
author = {Benner, Peter and Mehrmann, Volker and Xu, Hongguo},
doi = {10.1007/s002110050315},
file = {:Users/rvanbeeumen/Documents/mendeley/Benner, Mehrmann, Xu - 1998 - A numerically stable, structure preserving method for computing the eigenvalues of real Hamiltonian or sym.pdf:pdf},
issn = {0945-3245},
journal = {Numer. Math.},
number = {3},
pages = {329--358},
title = {{A numerically stable, structure preserving method for computing the eigenvalues of real Hamiltonian or symplectic pencils}},
url = {http://dx.doi.org/10.1007/s002110050315},
volume = {78},
year = {1998}
}
@book{Antoulas2005,
author = {Antoulas, Athanasios Constantinos},
booktitle = {Advances in Design and Control 6},
editor = {{Ralph C. Smith North Carolina State University}},
isbn = {978-0-898716-58-0},
number = {6},
pages = {479},
publisher = {SIAM},
series = {Advances in Design and Control},
title = {{Approximation of Large-Scale Dynamical Systems}},
url = {http://books.google.com/books?hl=en{\&}lr={\&}id=lYfRIJlA1mkC{\&}oi=fnd{\&}pg=PR17{\&}dq=Approximation+of+large-scale+dynamical+systems{\&}ots=DbOKV0sc54{\&}sig=lvKV9xu986i6k8p2JWFOve8XUeY},
year = {2005}
}
@article{bali2012,
author = {Bai, Zhaojun and Li, Ren-Cang},
doi = {10.1137/110838960},
file = {:Users/rvanbeeumen/Documents/mendeley/Bai, Li - 2012 - Minimization principles for the linear response eigenvalue problem I Theory.pdf:pdf},
journal = {SIAM J. Mat. Anal. Appl.},
keywords = {eigenvalue,eigenvector,minimization principle,quantum linear response,random phase approximation},
number = {4},
pages = {1075--1100},
title = {{Minimization principles for the linear response eigenvalue problem I: Theory}},
url = {http://dx.doi.org/10.1137/110838960},
volume = {33},
year = {2012}
}


@article{brabec_etal2015,
author = {Brabec, Jiri and Lin, Lin and Shao, Meiyue and Govind, Niranjan 
and Yang, Chao and Saad, Yousef and Ng, Esmond G.},
journal = JCTC,
title = {Efficient Algorithms for Estimating the Absorption Spectrum
within Linear Response TDDFT},
volume = {11},
number = {11},
pages = {5197--5208}
}

@article{shak2016,
author = {Shao, Meiyue and Aktulga, Hasan Metin and Yang, Chao and Ng, Esmond G. and Maris, Pieter and Vary, James P.},
journal = {arXiv},
title = {Accelerating Nuclear Configuration Interaction Calculations through a Preconditioned Block Iterative Eigensolver},
volume = {abs/1609.01689},
year = {2016},
url = {http://arxiv.org/abs/1609.01689},
}

@article{SJYDL2016,
author = "Meiyue Shao and Felipe H. da Jornada and Chao Yang and Jack Deslippe and Steven G. Louie",
title = "Structure preserving parallel algorithms for solving the Bethe--Salpeter eigenvalue problem ",
journal = {Linear Algebra Appl.},
volume = "488",
pages = "148--167",
year = "2016",
note = "",
issn = "0024-3795",
doi = "http://doi.org/10.1016/j.laa.2015.09.036",
url = "http://www.sciencedirect.com/science/article/pii/S0024379515005637",
}
@article{Norman16_13591,
  title={K-and L-Edge X-Ray Absorption Spectrum Calculations of Closed-Shell Carbon, Silicon, Germanium, and Sulfur Compounds using Damped Four-Component Density 
    Functional Response Theory},
  author={Fransson, Thomas and Burdakova, Daria and Norman, Patrick},
  journal=PCCP,
  volume={18},
  number={19},
  pages={13591--13603},
  year={2016},
  publisher={Royal Society of Chemistry}
}

% NEXAFS Theory
@book{Stohr13_book,
  title={NEXAFS spectroscopy},
  author={St{\"o}hr, Joachim},
  volume={25},
  year={2013},
  publisher={Springer Science \& Business Media}
}


% Surface NEXAFS
@article{Koch87_519,
  title={Orientation of Aromatic Hydrocarbons on Metal Surfaces as Determined by NEXAFS},
  author={Yannoulis, P and Dudde, R and Frank, KH and Koch, EE},
  journal=SS,
  volume={189},
  pages={519--528},
  year={1987},
  publisher={Elsevier}
}

@article{Chasse12_4870,
  title={Molecular Orientation in Polymer Films for Organic Solar Cells Studied by NEXAFS},
  author={Ayg\"{u}l, Umut and Batchelor, David and Dettinger, Ulf and Yilmaz, Seyfullah and Allard, Sybille and Scherf, Ullrich and Peisert, Heiko and Chass\'{e}, Thomas},
  journal=JPCC,
  volume={116},
  number={7},
  pages={4870--4874},
  year={2012},
  publisher={ACS Publications}
}


% Inorganic Catalysis NEXAFS
@article{Solomon95_2259,
  title={Ligand K-Edge X-Ray Absorption Spectroscopic Studies. Metal-Ligand Covalency in a Series of Transition Metal Tetrachlorides},
  author={Shadle, Susan E and Hedman, Britt and Hodgson, Keith O and Solomon, Edward I},
  journal=JACS,
  volume={117},
  pages={2259--2272},
  number={8},
  year={1995}
}

@article{Hodgson00_5775,
  title={A Systematic K-Edge X-Ray Absorption Spectroscopic Study of Cu (III) Sites},
  author={DuBois, Jennifer L and Mukherjee, Pulakesh and Stack, TDP and Hedman, Britt and Solomon, Edward I and Hodgson, Keith O},
  journal=JACS,
  volume={122},
  number={24},
  pages={5775--5787},
  year={2000},
  publisher={ACS Publications}
}

@article{Hessler01_262,
  title={Capturing a photoexcited molecular structure through time-domain X-ray absorption fine structure},
  author={Chen, Lin X and J{\"a}ger, Wighard JH and Jennings, Guy and Gosztola, David J and Munkholm, Anneli and Hessler, Jan P},
  journal=S,
  volume={292},
  number={5515},
  pages={262--264},
  year={2001},
  publisher={American Association for the Advancement of Science}
}



% RT XRay
@article{Govind12_3284,
  title={Linear-response and real-time time-dependent density functional theory studies of core-level near-edge x-ray absorption},
  author={Lopata, K and Van Kuiken, Benjamin E and Khalil, Munira and Govind, Niranjan},
  journal=JCTC,
  volume={8},
  number={9},
  pages={3284--3292},
  year={2012},
  publisher={ACS Publications}
}

@article{Lopata16_3741,
  title={Accelerated broadband spectra using transition dipole decomposition and Pad{\'e} approximants},
  author={Bruner, Adam and LaMaster, Daniel and Lopata, Kenneth},
  journal=JCTC,
  volume={12},
  number={8},
  pages={3741--3750},
  year={2016},
  publisher={ACS Publications}
}


% ADC XRay
@article{Dreuw14_4583,
  author = {J. Wenzel and M. Wormit and A. Dreuw},
  title = {{Calculating X-ray absorption spectra of open-shell molecules with the unrestricted algebraic-diagrammatic construction scheme for the polarization propagator}},
  journal = JCTC,
  volume = {10},
  pages = {4583},
  year = {2014}
}

@article{Dreuw14_1900,
  author = {J. Wenzel and M. Wormit and A. Dreuw},
  title = {{Calculating core-level excitations and X-ray absorption spectra of large and medium sized closed-shell molecules with the algebraic-diagrammatic construction scheme for the polarization propagator}},
  journal = JCTC,
  volume = {35},
  pages = {1900},
  year = {2014}
}


