% Axioms
@book{VonNeumann55_book,
  title={Mathematical Foundations of Quantum Mechanics},
  author={Von Neumann, John},
  number={2},
  year={1955},
  publisher={Princeton University Press}
}

@book{Napolitano17_book,
  title={Modern Quantum Mechanics},
  author={Sakurai, Jun John and Napolitano, Jim},
  year={2017},
  publisher={Cambridge University Press}
}

% Manifolds
@book{Lee03_book,
  title = {Introduction to Smooth Manifolds},
  author ={John M. Lee},
  year = {2003}, 
  publisher={Springer Science \& Business Media}
}


% Fermi-Dirac / Slater Determinant
@book{Walecka12_book,
  title={Quantum Theory of Many-Particle Systems},
  author={Fetter, Alexander L and Walecka, John Dirk},
  year={2012},
  publisher={Courier Corporation}
}

@book{Schuck04_book,
  title={The Nuclear Many-Body Problem},
  author={Ring, Peter and Schuck, Peter},
  year={2004},
  publisher={Springer Science \& Business Media}
}


% CI
@book{Ostlund12_book,
  title={Modern Quantum Chemistry: Introduction to Advanced Electronic Structure Theory},
  author={Szabo, Attila and Ostlund, Neil S},
  year={2012},
  publisher={Courier Corporation}
}

% BOA
@article{Tully98_407,
  title={Mixed Quantum--Classical Dynamics},
  author={Tully, John},
  journal={Faraday Discussions},
  volume={110},
  pages={407--419},
  year={1998},
  publisher={Royal Society of Chemistry}
}

@article{Oppenheimer27_457,
  title={Zur Quantentheorie der Molekeln},
  author={Born, Max and Oppenheimer, Robert},
  journal={Annalen der Physik},
  volume={389},
  number={20},
  pages={457--484},
  year={1927},
  publisher={Wiley Online Library}
}

% Spin
@article{Levy67_286,
  title={Nonrelativistic particles and wave equations},
  author={L{\'e}vy-Leblond, Jean-Marc},
  journal={Communications in Mathematical Physics},
  volume={6},
  number={4},
  pages={286--311},
  year={1967},
  publisher={Springer}
}


% DFT
@book{Yang89_book,
  title={Density-Functional Theory of Atoms and Molecules},
  author={Parr, Robert G. and Weitao, Yang},
  year={1989},
  publisher={Oxford University Press, USA}
}
