#obscurg journal strings

@string{ DIAMAT = "Diamond Relat. Mater." }
@string{ MACRO = "Macromolecules" } 
@string{ MACRORC = "Macromol. Rapid Commun." }
@string{ PAC = "Pure Appl. Chem." }
@string{ PHYREP = "Phys. Rep." }
@string{ PSSA = "Phys. Status Solidi A" }
@string{ PSSB = "Phys. Status Solidi B" }
@string{ PTRSA = "Phil. Trans. R. Soc. A" }
@string{ RUSCR = "Russ. Chem. Rev." }
@string{ TSF = "Thin Solid Films" }
@string{SCIREP = "Sci. Rep."}
@string{NSCALE= "Nanoscale"}
@string{TP= "Tech. Phys."}
@string{TNMSC="Trans. Nonferrous Met. Soc. China"}
@string{CAR="Carbon"}
@string{ACSN="ACS Nano"}
@string{JMR="J. Mater. Res."}
@string{WIRE = "Wiley Interdiscip. Rev. Comput. Mol. Sci."}
@string{ChSc = "Chem. Sci."}
@string{JCCS = "J. Chin. Chem. Soc."}
@string{SMJ  = "Sib. Math. J."}
@string{NSR  = "Natl. Sci. Rev."}
@string{JPF  = "J. Phys. F."}
@string{CTC  = "Comput. Theor. Chem."}
@string{AdPh  = "Adv. Phys."}
@string{EPLe  = "Europhys. Lett."}
@string{ACMTMS  = "ACM Trans. Math. Softw."}
@string{ ARB = "Annu. Rev. Biophys."}

% NPA
@article{Weinhold85_735,
  title={Natural population analysis},
  author={Alan E. Reed and Robert B. Weinstock and Frank Weinhold},
  journal=JCP,
  volume={83},
  pages={735},
  year={1985}
}
%M06-2X
@article{Truhlar06_215,
  title={The M06 Suite of Density Functionals for Main Group Thermochemistry, Thermochemical Kinetics, Noncovalent Interactions, Excited States, and Transition Elements: Two 
New Functionals and Systematic Testing of Four M06-Class Functionals and 12 Other Functionals},
  author={Y. Zhao and D. G. Truhlar},
  journal=TCA,
  volume={120},
  number={1-3},
  pages={215--241},
  year={2008},
  publisher={Springer}
}


%CAM-B3LYP
@article{Handy04_51,
  title={A New Hybrid Exchange-Correlation Functional Using the Coulomb-Attenuating Method (CAM-B3LYP)},
  author={T. Yanai and D. P. Tew and N. C. Handy},
  journal=CPL,
  volume={393},
  number={1},
  pages={51--57},
  year={2004},
  publisher={Elsevier}
}

%LC correction
@article{Hirao01_3540,
  title={A Long-Range Correction Scheme for Generalized-Gradient-Approximation Exchange Functionals},
  author={H. Iikura and T. Tsuneda and T. Yanai and K. Hirao},
  journal=JCP,
  volume={115},
  number={8},
  pages={3540--3544},
  year={2001},
  publisher={AIP Publishing}
}

%BLYP
@article{Becke88_3098,
  title={Density-Functional Exchange-Energy Approximation with Correct Asymptotic Behavior},
  author={A. D. Becke},
  journal=PRA,
  volume={38},
  number={6},
  pages={3098},
  year={1988},
  publisher={APS}
}

@article{Parr88_785,
  title={Development of the Colle-Salvetti Correlation-Energy Formula into a Functional of the Electron Density},
  author={C. Lee and W. Yang and R. G. Parr},
  journal=PRB,
  volume={37},
  number={2},
  pages={785},
  year={1988},
  publisher={APS}
}

@article{Preuss89_200,
  title={Results Obtained with the Correlation Energy Density Functionals of Becke and Lee, Yang and Parr},
  author={B. Miehlich and A. Savin and H. Stoll and H. Preuss},
  journal=CPL,
  volume={157},
  number={3},
  pages={200--206},
  year={1989},
  publisher={Elsevier}
}

% B3LYP
@article{Becke93_5648,
  title={Density-Functional Thermochemistry. III. The Role of Exact Exchange},
  author={A. D. Becke},
  journal=JCP,
  volume={98},
  pages={5648},
  year={1993}
}


%PBE0
@article{Barone99_6158,
  title={Toward reliable density functional methods without adjustable parameters: The PBE0 model},
  author={Carlo Adamo and Vincenzo Barone},
  journal=JCP,
  volume={110},
  pages={6158},
  year={1999}
}

%TDDFT Gaussian
@article{Salahub98_4439,
  title={Molecular Excitation Energies to High-Lying Bound States from Time-Dependent Density-Functional Response Theory: 
  Characterization and correction of the time-dependent local density approximation ionization threshold},
  author={M. E. Casida and C. Jamorski and K. C. Casida and D. R. Salahub},
  journal=JCP,
  volume={108},
  number={11},
  pages={4439-4449},
  year={1998},
  publisher={AIP Publishing}
}

%SDD Pseudo
@article{Preuss88_1321,
  title={Pseudopotentials for main group elements (IIIa through VIIa)},
  author={G Igel-Mann and H Stoll and H Preuss},
  journal=MP,
  volume={65},
  number={6},
  pages={1321--1328},
  year={1988},
  publisher={Taylor \& Francis}
}


@article{Jen14_1465,
	Author = {Intemann, Jeremy J. and Yao, Kai and Li, Yong-Xi and Yip, Hin-Lap and Xu, Yun-Xiang and Liang, Po-Wei and Chueh, Chu-Chen and Ding, Fei-Zhi and Yang, Xi and Li, Xiaosong and Chen, Yiwang and Jen, Alex K.-Y.},
	Journal = AFM, 
	Number = {10},
	Pages = {1465--1473},
	Title = {Highly Efficient Inverted Organic Solar Cells Through Material and Interfacial Engineering of Indacenodithieno[3,2-b]thiophene-Based Polymers and Devices},
	Volume = {24},
	Year = {2014}}




@article{Cao09_1709,
  title={Development of Novel Conjugated Donor Polymers for High-Efficiency Bulk-Heterojunction Photovoltaic Devices},
  author={Junwu Chen and Yong Ca},
  journal=ACR,
  volume={42},
  issue={11},
  pages={1709-1718},
  year={2009},
}
@article{Cao11_4636,
  title={Simultaneous Enhancement of Open-Circuit Voltage, Short-Circuit Current Density, and Fill Factor in Polymer Solar Cells},
  author={Zhicai He and Chengmei Zhong and Xun Huang and Wai-Yeung Wong and Hongbin Wu and Liwei Chen and Shijian Su and Yong Cao},
  journal=AM,
  volume={23},
  issue={40},
  pages={4636-4643},
  year={2011},
}


@article{delongchamp13_2238,
	Author = {Zhang, Xinran and Bronstein, Hugo and Kronemeijer, Auke J. and Smith, Jeremy and Kim, Youngju and Kline, R. Joseph and Richter, Lee J. and Anthopoulos, Thomas D. and Sirringhaus, Henning and Song, Kigook and Heeney, Martin and Zhang, Weimin and McCulloch, Iain and DeLongchamp, Dean M.},
	Journal =NCo,
	Month = {07},
	Title = {Molecular origin of high field-effect mobility in an indacenodithiophene--benzothiadiazole copolymer},
	Volume = {4},
	Pages={2238:1-9},
	Year = {2013}}

@article{Gong12_8208,
  title={Inverted polymer solar cells with 8.4\% efficiency by conjugated polyelectrolyte},
  author={Tingbin Yang and Ming Wang and Chunhui Duan and Xiaowen Hu  and Lin Huang and Junbiao Peng and Fei Huang and Xiong Gong},
  journal=EES,
  volume={5},
  issue={8},
  pages={8208-8214},
  year={2012},
}

@article{Hsu09_5868,
  title={Synthesis of conjugated polymers for organic solar cell applications},
  author={Yen-Ju Cheng and Sheng-Hsiung Yang and Chain-Shu Hsu},
  journal=CR,
  volume={109},
  issue={11},
  pages={5868-5923},
  year={2009},
}

@article{Hsu10_3259,
  title={Donor--acceptor polymers based on multi-fused heptacyclic structures: synthesis, characterization and photovoltaic applications},
  author={Jhong-Sian Wu and Yen-Ju Cheng and Martin Dubosc and Chao-Hsiang Hsieh and Chin-Yen Chang and Chain-Shu Hsu},
  journal=CC,
  volume={46},
  issue={19},
  pages={3259-3261},
  year={2010},
}

@article{Jen12_5427,
  title={Significant Improved Performance of Photovoltaic Cells Made from a Partially Fluorinated Cyclopentadithiophene/Benzothiadiazole Conjugated Polymer},
  author={Yong Zhang  and Jingyu Zou and Chu-Chen Cheuh and Hin-Lap Yip and Alex K-Y Jen},
  journal=MACRO,
  volume={45},
  issue={13},
  pages={5427-5435},
  year={2012},
}

@article{Katz10_5394,
  title={Ladder-type oligo-p-phenylene-containing copolymers with high open-circuit voltages and ambient photovoltaic activity},
  author={Qingdong Zheng and Byung Jun Jung and Jia Sun and Howard E Katz},
  journal=JACS,
  volume={132},
  issue={15},
  pages={5394-5404},
  year={2010},
}


@article{Kohler12_922,
  title={Does Conjugation Help Exciton Dissociation? A Study on Poly (p-phenylene) s in Planar Heterojunctions with C60 or TNF},
  author={Christian Schwarz and Heinz B{\"a}ssler and Irene Bauer and Jan-Moritz Koenen and Eduard Preis and Ullrich Scherf and Anna K{\"o}hler},
  journal=AM,
  volume={24},
  issue={7},
  pages={922-925},
  year={2012},
}

@article{Kulander87_2796,
  title={Time-dependent Hartree-Fock theory of multiphoton ionization: Helium},
  author={Kenneth C. Kulander},
  journal=PRA,
  volume={36},
  issue={6},
  pages={2726},
  year={1987},
  
}

@article{Roncali07_1761,
  title={Molecular Engineering of the Band Gap of $\pi$-Conjugated Systems: Facing Technological Applications},
  author={J Roncali},
  journal=MACRORC,
  volume={28},
  issue={17},
  pages={1761-1775},
  year={2007},
}

@article{Gross84_997,
  title={Density-Functional Theory for Time-Dependent Systems},
  author={Runge, Erich and Gross, Eberhard K. U.},
  journal=PRL,
  volume={52},
  issue={12},
  pages={997-1000},
  year={1984},
}

@article{Gross05_062206,
  title={Time-Dependent Density Functional Theory: Past, Present, and Future},
  author={K. Burke and Jan Werschnik and E.K.U. Gross},
  journal=JCP,
  volume={123},
  pages={062206-9},
  year={2005}
}

@article{Head-Gordon05_4009,
  title={Single-reference ab initio methods for the calculation of excited states of large molecules},
  author={Andreas Dreuw and Martin Head-Gordon},
  journal=CR,
  volume={105},
  issue={11},
  pages={4009-4037},
  year={2005},
}

@article{Bertsch96_4484,
  title={Time-dependent local-density approximation in real time},
  author={K. Yabana and G. F. Bertsch},
  journal=PRB,
  volume={54},
  issue={7},
  pages={4484-4487},
  year={1996},
}

@article{Ernzerhof96_3865,
  title={Generalized gradient approximation made simple},
  author={J. P. Perdew and K. Burke and M. Ernzerhof},
  journal=PRL,
  volume={77},
  number={18},
  pages={3865-3868},
  year={1996},
  publisher={APS},
}

@article{Ernzerhof96_1396,
  title = {Generalized Gradient Approximation Made Simple [Phys. Rev. Lett. 77, 3865 (1996)]},
  author = {J. P. Perdew and K. Burke and M. Ernzerhof},
  journal = PRL,
  volume = {78},
  issue = {7},
  pages = {1396-1396},
  year = {1997},
  month = {Feb},
  publisher = {American Physical Society},
  
}

@incollection{Hay77_1,
  title={Gaussian Basis Sets for Molecular Calculations},
  author={T. H. Dunning Jr and P. J. Hay},
  booktitle={Methods of Electronic Structure Theory},
  pages={1-27},
  year={1977},
  publisher={Springer},
  address={New York, NY}
}


%%%Diamond Papers
@article{Kawazoe11_165212,
  title={Many--Electron States of Nitrogen--Vacancy Centers in Diamond and Spin Density Calculations},
  author={A. Ranjbar and M. Babamoradi and M. H. Saani and M. A. Vesaghi and K. Esfarjani and Y. Kawazoe},
  journal=PRB,
  volume={84},
  number={16},
  pages={165212},
  year={2011},
  publisher={APS}
}


@article{Hollenberg13_1,
  title={The Nitrogen-Vacancy Colour Centre in Diamond},
  author={M. W. Doherty and N. B. Manson and P. Delaney and F. Jelezko and J. Wrachtrup and L. C. L. Hollenberg},
  journal=PHYREP,
  volume={528},
  number={1},
  pages={1-45},
  year={2013},
  publisher={Elsevier}
}

@article{Leitenstorfer13_155209,
  title={Assignment of the NV 0 575-nm zero-phonon line in diamond to a 2 E-2 A 2 transition},
  author={N. B. Manson and K. Beha and A. Batalov and L. J. Rogers and M. W. Doherty and R. Bratschitsch and A. Leitenstorfer},
  journal=PRB,
  volume={87},
  number={15},
  pages={155209},
  year={2013},
  publisher={APS}
}

@book{Shur96_book,
  title={Handbook Series on Semiconductor Parameters: Si, Ge, C (Diamond), GaAs, GaP, GaSb, InAs, InP, InSb},
  author={M. E. Levinshte{\u\i}n and S. L. Rumyantsev and M. Shur},
  year={1996},
  publisher={World Scientific Publishing},
  address={Singapore}
}

@article{Harrison05_1705,
  title={Photo--Ionization of the Nitrogen--Vvacancy Center in Diamond},
  author={N.B. Manson and J.P Harrison},
  journal=DIAMAT,
  volume={14},
  number={10},
  pages={1705-1710},
  year={2005},
  publisher={Elsevier}
}

@book{Sandu07_exbradius,
  title={Wide Bandgap Semiconductors: Fundamental Properties and Modern Photonic and Electronic Devices},
  author={K. Takahashi and A. Yoshikawa and A. Sandhu},
  year={2007},
  publisher={Springer},
  address={New York, NY}
}

@article{Oberg12_1765,
  title={On the Diffusion of NV Defects in Diamond},
  author={H. Pinto and R. Jones and D. W. Palmer and J. P. Goss and P. R. Briddon and S. {\"O}berg},
  journal=PSSA,
  volume={209},
  number={9},
  pages={1765-1768},
  year={2012},
  publisher={Wiley Online Library}
}

@article{Lowther11_025016,
  title={An Ab Initio Study of Local Vibration Modes of the Nitrogen-Vacancy Center in Diamond},
  author={A. Gali and T. Simon and J.E. Lowther},
  journal=NJP,
  volume={13},
  number={2},
  pages={025016},
  year={2011},
  publisher={IOP Publishing}
}

@article{Kaxiras08_155206,
  title={Ab Initio Supercell Calculations on Nitrogen-Vacancy Center in Diamond: Electronic Structure and Hyperfine Tensors},
  author={A. Gali and M. Fyta and E. Kaxiras},
  journal=PRB,
  volume={77},
  number={15},
  pages={155206},
  year={2008},
  publisher={APS}
}

@article{Kaxiras09_186404,
  title={Theory of Spin-Conserving Excitation of the N-V-Center in Diamond},
  author={A. Gali and E. Janz{\'e}n and P. De{\'a}k and G. Kresse and E. Kaxiras},
  journal=PRL,
  volume={103},
  number={18},
  pages={186404},
  year={2009},
  publisher={APS}
}

@article{Barnard14_30209,
  title={Tuning the Electron Transfer Properties of Entire Nanodiamond Ensembles},
  author={L. Lai and A. S. Barnard},
  journal=JPCC,
  pages={30209-30215},
  year={2014},
  publisher={ACS Publications}
}

@article{Davies79_2551,
  title={Dynamic Jahn-Teller distortions at trigonal optical centres in diamond},
  author={G. Davies},
  journal=JPCSSP,
  volume={12},
  number={13},
  pages={2551-2566},
  year={1979},
  publisher={IOP Publishing}
}

%Detonation NanoDiamonds
@article{Volk88_440,
  title={Diamonds in Detonation Soot},
  author={N. R. Greiner and D. S. Phillips and J. D. Johnson and F. Volk},
  year={1988},
  journal=N,
  pages={440-442},
  publisher={Nature Publishing Group}
}

@article{Dolmatov07_339,
  title={Detonation-Synthesis Nanodiamonds: Synthesis, Structure, Properties and Applications},
  author={V. Y. Dolmatov},
  journal=RUSCR,
  volume={76},
  number={4},
  pages={339-360},
  year={2007},
  publisher={IOP Publishing}
}

@article{Osawa08_1365,
  title={Monodisperse Single Nanodiamond Particulates},
  author={E. {\=O}sawa},
  journal=PAC,
  volume={80},
  number={7},
  pages={1365-1379},
  year={2008}
}

%QD Review - Quantum Confinement
@article{Brus90_477,
  title={The Quantum Mechanics of Larger Semiconductor Clusters (``Quantum Dots'')},
  author={M. G. Bawendi and M. L. Steigerwald and L. E. Brus},
  journal=ARPC,
  volume={41},
  number={1},
  pages={477-496},
  year={1990},
  publisher={Annual Reviews 4139 El Camino Way, PO Box 10139, Palo Alto, CA 94303-0139, USA}
}

@article{Vepvrek97_145,
  title={Electronic and Mechanical Properties of Nanocrystalline Composites when Approaching Molecular Size},
  author={S. Vep{\v{r}}ek},
  journal=TSF,
  volume={297},
  number={1},
  pages={145-153},
  year={1997},
  publisher={Elsevier}
}

%Diamond Optical
@article{Beausoleil12_206401,
  title={Dynamic Stabilization of the Optical Resonances of Single Nitrogen-Vacancy Centers in Diamond},
  author={V. M. Acosta and C. Santori and A. Faraon and Z. Huang and K.-M. C. Fu and A. Stacey and D. A. Simpson and K. Ganesan and  S. Tomljenovic-Hanic and A. D. Greentree and S. Prawer and R. G. Beausoleil},
  journal=PRL,
  volume={108},
  number={20},
  pages={206401},
  year={2012},
  publisher={APS}
}

@article{Oberg96_3041,
  title={The Twelve-Line 1.682 eV Luminescence Center in Diamond and the Vacancy-Silicon Complex},
  author={J.P. Goss and R. Jones and S. J. Breuer and P. R. Briddon and S. {\"O}berg},
  journal=PRL,
  volume={77},
  number={14},
  pages={3041},
  year={1996},
  publisher={APS}
}


@article{Lin09_119,
  title={Quantum Chemical Modeling of Photoadsorption Properties of the Nitrogen-Vacancy Point Defect in Diamond},
  author={A. S. Zyubin and A.M. Mebel and M. Hayashi and H. C. Chang and S. H. Lin},
  journal=JCC,
  volume={30},
  number={1},
  pages={119-131},
  year={2009},
  publisher={Wiley Online Library}
}


@article{Gali11_1337,
  title={Time-Dependent Density Functional Study on the Excitation Spectrum of Point Defects in Semiconductors},
  author={A. Gali},
  journal=PSSB,
  volume={248},
  number={6},
  pages={1337-1346},
  year={2011},
  publisher={Wiley Online Library}
}

@article{Fann08_284,
  title={Mass Production and Dynamic Imaging of Fluorescent Nanodiamonds},
  author={Y.-R. Chang and H.-Y. Lee and K. Chen and C.-C. Chang and D.-S. Tsai and C.-C. Fu and T.-S. Lim and Y.-K. Tzeng and C.-Y. Fang and C.-C. Han and H.-C. Chang and W. Fann},
  journal=NN,
  volume={3},
  number={5},
  pages={284-288},
  year={2008},
  publisher={Nature Publishing Group}
}

@article{Hollenberg11_358,
  title={Quantum Measurement and Orientation Tracking of Fluorescent Nanodiamonds Inside Living Cells},
  author={L.P. {Mc Guinness} and Y. Yan and A. Stacey and D.A. Simpson and L.T. Hall and D. Maclaurin and S. Prawer and P. Mulvaney and J. Wrachtrup and F. Caruso and R. E. Scholten and L. C. L. Hollenberg},
  journal=NN,
  volume={6},
  number={6},
  pages={358-363},
  year={2011},
  publisher={Nature Publishing Group}
}

@article{Wrachtrup08_648,
  title={Nanoscale Imaging Magnetometry with Diamond Spins Under Ambient Conditions},
  author={G. Balasubramanian and I.Y. Chan and R. Kolesov and M. Al-Hmoud and J. Tisler and C. Shin and C. Kim and A. Wojcik and P.R. Hemmer and A. Krueger and T.Hanke and A. Leitenstorfer and R. Bratschitsch and F. Jelezko and J. Wrachtrup},
  journal=N,
  volume={455},
  number={7213},
  pages={648-651},
  year={2008},
  publisher={Nature Publishing Group}
}

@article{Holt07_2845,
  title={Diamond at the Nanoscale: Applications of Diamond Nanoparticles from Cellular Biomarkers to Quantum Computing},
  author={K.B. Holt},
  journal=PTRSA,
  volume={365},
  number={1861},
  pages={2845-2861},
  year={2007},
  publisher={The Royal Society}
}

@article{Rabeau10_345,
  title={Observation and control of blinking nitrogen-vacancy centres in discrete nanodiamonds},
  author={C. Bradac and T. Gaebel and N. Naidoo and M.J. Sellars and J. Twamley and L.J. Brown and A.S. Barnard and T. Plakhotnik and A.V. Zvyagin and J.R. Rabeau},
  journal=NN,
  volume={5},
  number={5},
  pages={345--349},
  year={2010},
  publisher={Nature Publishing Group}
}

%surfaceDiamonds
@article{Palosz06_1813,
  title={Investigation of Relaxation of Nanodiamond Surface in Real and Reciprocal Spaces},
  author={B. Palosz and C. Pantea and E. Grzanka and S. Stelmakh and T. Proffen and T. W. Zerda and W. Palosz},
  journal=DIAMAT,
  volume={15},
  number={11},
  pages={1813-1817},
  year={2006},
  publisher={Elsevier}
}

@article{Budker10_201202,
  title={Optical Properties of the Nitrogen--Vacancy Singlet Levels in Diamond},
  author={V. M. Acosta and A. Jarmola and E. Bauch and D. Budker},
  journal=PRB,
  volume={82},
  number={20},
  pages={201202},
  year={2010},
  publisher={APS}
}

@article{Manson08_103024,
  title={Infrared emission of the NV centre in diamond: Zeeman and uniaxial stress studies},
  author={L. J. Rogers and S. Armstrong and M. J. Sellars and N. B. Manson},
  journal=NJP,
  volume={10},
  number={10},
  pages={103024},
  year={2008},
  publisher={IOP Publishing}
}

@book{Kittel76_book,
  title={Introduction to solid state physics},
  author={C. Kittel and P. McEuen},
  volume={8},
  year={1976},
  publisher={Wiley},
  address= {New York, NY}
}

@Book{Ashcroft76_book,
  author = 	 {N.W. Ashcroft and N.D. Mermin},
  title = 	 {Solid State Physics},
  publisher = 	 {Saunders College},
  year = 	 {1976},
  address = 	 {Philadelphia, PA},
}


@article{Meijerink01_4222,
  title={Luminescence of nanocrystalline ZnSe: Cu},
  author={J. F. Suyver and T. Van der Beek and S. F. Wuister J. J. Kelly and A. Meijerink},
  journal=APL,
  volume={79},
  number={25},
  pages={4222--4224},
  year={2001},
  publisher={AIP}
}

@article{Delaney08_165201,
  title={Electronic structure of the nitrogen-vacancy center in diamond from first-principles theory},
  author={J. A. Larsson and P. Delaney, P},
  journal=PRB,
  volume={77},
  number={16},
  pages={165201},
  year={2008},
  publisher={APS}
}

@article{Lin08_124714,
  title={One-and two-photon absorption properties of diamond nitrogen-vacancy defect centers: A theoretical study},
  author={C.-K. Lin and Y.-H. Wang and H.-C. Chang and M. Hayashi and S. H. Lin},
  journal=JCP,
  volume={129},
  number={12},
  pages={124714},
  year={2008},
  publisher={AIP Publishing}
}

@article{Hollenberg08_226403,
  title={Ab Initio Electronic and Optical Properties of the N-V-Center in Diamond},
  author={Hossain, Faruque M and Doherty, Marcus W and Wilson, Hugh F and Hollenberg, Lloyd CL},
  journal=PRL,
  volume={101},
  number={22},
  pages={226403},
  year={2008},
  publisher={APS}
}

@article{Larsson10_610,
  title={Spin-polarization mechanisms of the nitrogen-vacancy center in diamond},
  author={P. Delaney and J. C. Greer and J. A. Larsson},
  journal=NL,
  volume={10},
  number={2},
  pages={610--614},
  year={2010},
  publisher={ACS Publications}
}

@article{Gali10_041204,
  title={Excited states of the negatively charged nitrogen-vacancy color center in diamond},
  author={Y. Ma and M. Rohlfing and A. Gali},
  journal=PRB,
  volume={81},
  number={4},
  pages={041204},
  year={2010},
  publisher={APS}
}

@article{Brus83_5566,
  title={A Simple Model for the Ionization Potential, Electron Affinity, and Aqueous Redox Potentials of Small Semiconductor Crystallites},
  author={Brus, L E},
  journal=JCP,
  volume={79},
  number={11},
  pages={5566--5571},
  year={1983},
  publisher={AIP Publishing}
}

@article{Brus84_4403,
  title={Electron-Electron and Electron-Hole Interactions in Small Semiconductor Crystallites: 
The Size Dependence of the Lowest Excited Electronic State},
  author={Brus, Louis E},
  journal=JCP,
  volume={80},
  number={9},
  pages={4403-4409},
  year={1984},
  publisher={AIP Publishing}
}

@article{Shi14_5144,
  title={New Insight Into the Spin-Conserving Excitation of the Negatively Charged Nitrogen-Vacancy Center in Diamond},
  author={Deng, Bei and Zhang, R Q and Shi, X Q},
  journal=SCIREP,
  volume={4},
  year={2014},
  pages={5144},
  publisher={Nature Publishing Group}
}

@article{Awschalom10_8513,
  title={Quantum Computing with Defects},
  author={Weber, J R and Koehl, W F and Varley, J B and Janotti, A and Buckley, B B and {Van de Walle}, C G and Awschalom, David D},
  journal=PNAS,
  volume={107},
  number={19},
  pages={8513--8518},
  year={2010},
  publisher={National Acad Sciences}
}


@article{Brus86_2555,
author = {Louis Brus},
title = {Electronic Wave Functions in Semiconductor Clusters: Experiment and Theory},
journal = JPC,
volume = {90},
number = {12},
pages = {2555-2560},
year = {1986},
doi = {10.1021/j100403a003},

    
}

@article{Hamer76_285,
	author = {Davies, G. and Hamer, M. F.},
	title = {Optical Studies of the 1.945 eV Vibronic Band in Diamond},
	volume = {348},
	number = {1653},
	pages = {285--298},
	year = {1976},
	publisher = {The Royal Society},
	journal = PRSLA,
}

@article{Gamelin06_2887,
  title={Energetic Pinning of Magnetic Impurity Levels in Quantum-Confined Semiconductors},
  author={Norberg, Nick S and Dalpian, Gustavo M and Chelikowsky, James R and Gamelin, Daniel R},
  journal=NL,
  volume={6},
  number={12},
  pages={2887--2892},
  year={2006},
  publisher={ACS Publications}
}

@article{Beausoleil09_256404,
  title = {Observation of the Dynamic Jahn-Teller Effect in the Excited States of Nitrogen-Vacancy Centers in Diamond},
  author = {Fu, Kai-Mei C. and Santori, Charles and Barclay, Paul E. and Rogers, Lachlan J. and Manson, Neil B. and Beausoleil, Raymond G.},
  journal = PRL,
  volume = {103},
  issue = {25},
  pages = {256404},
  numpages = {4},
  year = {2009},
  month = {Dec},
  publisher = {American Physical Society},
  doi = {10.1103/PhysRevLett.103.256404},
  url = {http://link.aps.org/doi/10.1103/PhysRevLett.103.256404}
}

@article{Prawer14_047601,
  title = {Electronic Properties and Metrology Applications of the Diamond ${\mathrm{NV}}^{\ensuremath{-}}$ Center under Pressure},
  author = {Doherty, Marcus W. and Struzhkin, Viktor V. and Simpson, David A. and {Mc Guinness}, Liam P. and Meng, Yufei and Stacey, Alastair and Karle, Timothy J. and Hemley, Russell J. and Manson, Neil B. and Hollenberg, Lloyd C. L. and Prawer, Steven},
  journal = PRL,
  volume = {112},
  issue = {4},
  pages = {047601},
  numpages = {5},
  year = {2014},
  month = {Jan},
  publisher = {American Physical Society},
  doi = {10.1103/PhysRevLett.112.047601},
  url = {http://link.aps.org/doi/10.1103/PhysRevLett.112.047601}
}

@article{Sellars06_104303,
  title = {Nitrogen-vacancy center in diamond: Model of the electronic structure and associated dynamics},
  author = {Manson, N. B. and Harrison, J. P. and Sellars, M. J.},
  journal = PRB,
  volume = {74},
  issue = {10},
  pages = {104303},
  numpages = {11},
  year = {2006},
  month = {Sep},
  publisher = {American Physical Society},
  doi = {10.1103/PhysRevB.74.104303},
  url = {http://link.aps.org/doi/10.1103/PhysRevB.74.104303}
}

@article{Maze13_235205,
  title = {Ab Initio Study of the Split Silicon-Vacancy Defect in Diamond: Electronic Structure and Related Properties},
  author = {Gali, Adam and Maze, Jeronimo R.},
  journal = PRB,
  volume = {88},
  issue = {23},
  pages = {235205},
  numpages = {7},
  year = {2013},
  month = {Dec},
  publisher = {American Physical Society},
  doi = {10.1103/PhysRevB.88.235205},
  url = {https://link.aps.org/doi/10.1103/PhysRevB.88.235205}
}

@article{Sanden04_2030,
  title={ELNES Study of Carbon K-edge Spectra of Plasma Deposited Carbon Films},
  author={Hamon, Ann-Lenaig and Verbeeck, Jo and Schryvers, Dominique and Benedikt, Jan and vd Sanden, Richard MCM},
  journal=JMC,
  volume={14},
  number={13},
  pages={2030--2035},
  year={2004},
  publisher={Royal Society of Chemistry}
}

@article{Zhang10_6966,
  title={Electronic Structures and Optical Properties of 6H-and 3C-SiC Microstructures and Nanostructures from X-ray Absorption Fine Structures, X-Ray Excited Optical Luminescence, and Theoretical Studies},
  author={Liu, Lijia and Yiu, YM and Sham, TK and Zhang, Liying and Zhang, Yafei},
  journal=JPCC,
  volume={114},
  number={15},
  pages={6966--6975},
  year={2010},
  publisher={ACS Publications}
}

@article{Nicholls16_10548,
  title={Counting Vacancies and Nitrogen-Vacancy Centers in Detonation Nanodiamond},
  author={Chang, Shery LY and Barnard, Amanda S and Dwyer, Christian and Boothroyd, Chris B and Hocking, Rosalie K and {\=O}sawa, Eiji and Nicholls, Rebecca J},
  journal=NSCALE,
  volume={8},
  number={20},
  pages={10548--10552},
  year={2016},
  publisher={Royal Society of Chemistry}
}

@article{Moliver03_1449,
  title={Electronic Structure of Neutral Silicon-Vacancy Complex in Diamond},
  author={Moliver, S S},
  journal=TP,
  volume={48},
  number={11},
  pages={1449--1453},
  year={2003},
  publisher={Springer}
}

@article{Shaw07_075204,
  title={Density Functional Simulations of Silicon-Containing Point Defects in Diamond},
  author={Goss, JP and Briddon, PR and Shaw, MJ},
  journal=PRB,
  volume={76},
  number={7},
  pages={075204},
  year={2007},
  publisher={APS}
}


@article{Bradley93_1415,
  title={Characteristics and Origin of the 1.681 eV Luminescence Center in Chemical-Vapor-Deposited Diamond Films},
  author={Feng, Tom and Schwartz, Bradley D},
  journal=JAP,
  volume={73},
  number={3},
  pages={1415--1425},
  year={1993},
  publisher={AIP}
}



@article{Gali15_165203,
  title={Complexes of Silicon, Vacancy, and Hydrogen in Diamond: A Density Functional Study},
  author={Thiering, Gerg{\H{o}} and Gali, Adam},
  journal=PRB,
  volume={92},
  number={16},
  pages={165203},
  year={2015},
  publisher={APS}
}

@article{Jelezko14_235101,
  title = {Electronic Structure of the Negatively Charged Silicon-Vacancy Center in Diamond},
  author = {Rogers, Lachlan J. and Jahnke, Kay D. and Doherty, Marcus W. and Dietrich, Andreas and {Mc Guinness}, Liam P. and M\"uller, Christoph and Teraji, Tokuyuki and Sumiya, Hitoshi and Isoya, Junichi and Manson, Neil B. and Jelezko, Fedor},
  journal = PRB,
  volume = {89},
  issue = {23},
  pages = {235101},
  numpages = {8},
  year = {2014},
  month = {Jun},
  publisher = {American Physical Society},
  doi = {10.1103/PhysRevB.89.235101},
  url = {https://link.aps.org/doi/10.1103/PhysRevB.89.235101}
}


@article{Atature14_3328,
  title={Optical Signatures of Silicon-Vacancy Spins in Diamond},
  author={M{\"u}ller, Tina and Hepp, Christian and Pingault, Benjamin and Neu, Elke and Gsell, Stefan and Schreck, Matthias and Sternschulte, Hadwig and Steinm{\"u}ller-Nethl, Doris and Becher, Christoph and Atat{\"u}re, Mete},
  journal=NCo,
  volume={5},
  pages={3328},
  year={2014},
  publisher={Nature Publishing Group}
}

@article{Wrachtrup17_8697,
  title={Nanoscale Nuclear Magnetic Resonance with Chemical Resolution},
  author={Aslam, Nabeel and Pfender, Matthias and Neumann, Philipp and Reuter, Rolf and Zappe, Andrea and de Oliveira, Felipe F{\'a}varo and Denisenko, Andrej and Sumiya, Hitoshi and Onoda, Shinobu and Isoya, Junichi and Wrachtrup, J},
  journal=S,
  pages={eaam8697},
  year={2017},
  publisher={American Association for the Advancement of Science}
}

@article{Sittas95_16681,
  title = {Silicon Defects in Diamond},
  author = {Clark, C. D. and Kanda, H. and Kiflawi, I. and Sittas, G.},
  journal = PRB,
  volume = {51},
  issue = {23},
  pages = {16681--16688},
  numpages = {0},
  year = {1995},
  month = {Jun},
  publisher = {American Physical Society},
  doi = {10.1103/PhysRevB.51.16681},
  url = {https://link.aps.org/doi/10.1103/PhysRevB.51.16681}
}

@article{Becher13_043005,
  title={Low-Temperature Investigations of Single Silicon Vacancy Colour Centres in Diamond},
  author={Neu, Elke and Hepp, Christian and Hauschild, Michael and Gsell, Stefan and Fischer, Martin and Sternschulte, Hadwig and Steinm{\"u}ller-Nethl, Doris and Schreck, Matthias and Becher, Christoph},
  journal=NJP,
  volume={15},
  number={4},
  pages={043005},
  year={2013},
  publisher={IOP Publishing}
}

@article{Pasquarello12_045112,
  title = {Finite-Size Supercell Correction Schemes for Charged Defect Calculations},
  author = {Komsa, Hannu-Pekka and Rantala, Tapio T. and Pasquarello, Alfredo},
  journal = PRB,
  volume = {86},
  issue = {4},
  pages = {045112},
  numpages = {16},
  year = {2012},
  month = {Jul},
  publisher = {American Physical Society},
  doi = {10.1103/PhysRevB.86.045112},
  url = {https://link.aps.org/doi/10.1103/PhysRevB.86.045112}
}
%Sidoped Raman
@article{Sun12_3021,
  title={Evaluation on Residual Stresses of Silicon-Doped CVD Diamond Films Using X-Ray Diffraction and Raman Spectroscopy},
  author={Chen, Su-lin and Bin, Shen and Zhang, Jian-guo and Liang, Wang and Sun, Fang-hong},
  journal=TNMSC,
  volume={22},
  number={12},
  pages={3021--3026},
  year={2012},
  publisher={Elsevier}
}


@article{Zhang13_2962,
  title={Si-Doped Diamond Films Prepared by Chemical Vapour Deposition},
  author={Cui, Yu-xiao and Zhang, Jian-guo and Sun, Fang-hong and Zhang, Zhi-ming},
  journal=TNMSC,
  volume={23},
  number={10},
  pages={2962--2970},
  year={2013},
  publisher={Elsevier}
}

@article{Chu06_1276,
  title={Characteristics and Surface Energy of Silicon-Doped Diamond-Like Carbon Films Fabricated by Plasma Immersion Ion Implantation and Deposition},
  author={Wan, GJ and Yang, P and Fu, Ricky KY and Mei, YF and Qiu, T and Kwok, SCH and Ho, Joan PY and Huang, N and Wu, XL and Chu, Paul K},
  journal=DIAMAT,
  volume={15},
  number={9},
  pages={1276--1281},
  year={2006},
  publisher={Elsevier}
}
%Raman pure
@article{Nemanich04_2537,
  title={Raman Spectroscopy of Diamond and Doped Diamond},
  author={Prawer, Steven and Nemanich, Robert J},
  journal=PRSLA,
  volume={362},
  number={1824},
  pages={2537--2565},
  year={2004},
  publisher={The Royal Society}
}

@article{cebik2013raman,
  title={Raman Spectroscopy Study of the Nanodiamond-to-Carbon Onion Transformation},
  author={Cebik, Jonathan and McDonough, John K and Peerally, Filipe and Medrano, Rene and Neitzel, Ioannis and Gogotsi, Yury and Osswald, Sebastian},
  journal=NTECH,
  volume={24},
  number={20},
  pages={205703},
  year={2013},
  publisher={IOP Publishing}
}

@article{Chang17_322,
title = "Carbon Structure in Nanodiamonds Elucidated from Raman Spectroscopy",
journal = CAR,
volume = "121",
number = "Supplement C",
pages = "322 - 329",
year = "2017",
issn = "0008-6223",
doi = "https://doi.org/10.1016/j.carbon.2017.06.012",
url = "http://www.sciencedirect.com/science/article/pii/S0008622317305791",
author = "Vitaly I. Korepanov and Hiro-o Hamaguchi and Eiji Osawa and Vladimir Ermolenkov and Igor K. Lednev and Bastian J.M. Etzold and Olga Levinson and Boris Zousman and Chandra Prakash Epperla and Huan-Cheng Chang",
keywords = "Nanocarbon, Raman spectroscopy, Nanoparticles, Structure, Phonon confinement, Particle size"
}

@article{Peng00_93,
  title={The Raman Spectrum of Nanocrystalline Diamond},
  author={Prawer, S and Nugent, KW and Jamieson, DN and Orwa, JO and Bursill, L Al and Peng, JL},
  journal=CPL,
  volume={332},
  number={1},
  pages={93--97},
  year={2000},
  publisher={Elsevier}
}



%ComP RAMAN
@article{Carlson06_035423,
  title={Raman Spectroscopy of Nanocrystalline Diamond: An Ab Initio Approach},
  author={Filik, J and Harvey, Jeremy N and Allan, NL and May, PW and Dahl, JEP and Liu, S and Carlson, RMK},
  journal=PRB,
  volume={74},
  number={3},
  pages={035423},
  year={2006},
  publisher={APS}
}

@article{Witek10_4475,
author = {Li, Wunfan and Irle, Stephan and Witek, Henryk A.},
title = {Convergence in the Evolution of Nanodiamond Raman Spectra with Particle Size: A Theoretical Investigation},
journal = ACSN,
volume = {4},
number = {8},
pages = {4475-4486},
year = {2010},
doi = {10.1021/nn1004205},
URL = {http://dx.doi.org/10.1021/nn1004205}}

@article{Wrachtrup14_097603,
  title = {Nanoscale Detection of a Single Fundamental Charge in Ambient Conditions Using the $\mathrm{NV}{}^{\ensuremath{-}}$ Center in Diamond},
  author = {Dolde, Florian and Doherty, Marcus W. and Michl, Julia and Jakobi, Ingmar and Naydenov, Boris and Pezzagna, Sebastien and Meijer, Jan and Neumann, Philipp and Jelezko, Fedor and Manson, Neil B. and Wrachtrup, J\"org},
  journal = PRL,
  volume = {112},
  issue = {9},
  pages = {097603},
  numpages = {5},
  year = {2014},
  month = {Mar},
  publisher = {American Physical Society},
  doi = {10.1103/PhysRevLett.112.097603},
  url = {https://link.aps.org/doi/10.1103/PhysRevLett.112.097603}
}

@article{Zaitsev11_035024,
  title={Creation and Nature of Optical Centres in Diamond for Single-Photon Emission-Overview and Critical Remarks},
  author={Pezzagna, S{\'e}bastien and Rogalla, Detlef and Wildanger, Dominik and Meijer, Jan and Zaitsev, Alexander},
  journal=NJP,
  volume={13},
  number={3},
  pages={035024},
  year={2011},
  publisher={IOP Publishing}
}

@article{Meijerink12_1663,
  title={Optical Properties of Mn-Doped ZnTe Magic Size Nanocrystals},
  author={Eilers, Joren and Groeneveld, Esther and de Mello Donegá, Celso and Meijerink, Andries},
  journal=JPCL,
  volume={3},
  number={12},
  pages={1663--1667},
  year={2012},
  publisher={ACS Publications}
}

@article{Banin11_77,
  title={Heavily Doped Semiconductor Nanocrystal Quantum Dots},
  author={Mocatta, David and Cohen, Guy and Schattner, Jonathan and Millo, Oded and Rabani, Eran and Banin, Uri},
  journal=S,
  volume={332},
  number={6025},
  pages={77--81},
  year={2011},
  publisher={American Association for the Advancement of Science}
}


@article{Heiss13_586,
author = {Sytnyk, Mykhailo and Kirchschlager, Raimund and Bodnarchuk, Maryna I. and Primetzhofer, Daniel and Kriegner, Dominik and Enser, Herbert and Stangl, Julian and Bauer, Peter and Voith, Michael and Hassel, Achim Walter and Krumeich, Frank and Ludwig, Frank and Meingast, Arno and Kothleitner, Gerald and Kovalenko, Maksym V. and Heiss, Wolfgang},
title = {Tuning the Magnetic Properties of Metal Oxide Nanocrystal Heterostructures by Cation Exchange},
journal = NL,
volume = {13},
number = {2},
pages = {586-593},
year = {2013},
doi = {10.1021/nl304115r},
URL = {http://dx.doi.org/10.1021/nl304115r},
}

@article{Abe17_192407,
  title={Dynamic Nuclear Polarization Enhanced Magnetic Field Sensitivity and Decoherence Spectroscopy of an Ensemble of Near-Surface Nitrogen-Vacancy Centers in Diamond},
  author={Sasaki, Kento and Kleinsasser, Ed E and Zhu, Zhouyang and Li, Wen-Di and Watanabe, Hideyuki and Fu, Kai-Mei C and Itoh, Kohei M and Abe, Eisuke},
  journal=APL,
  volume={110},
  number={19},
  pages={192407},
  year={2017},
  publisher={AIP Publishing}
}


@article{Fu14_053106,
author = {Todd Karin and Scott Dunham and Kai-Mei Fu},
title = {Alignment of the Diamond Nitrogen Vacancy Center by Strain Engineering},
journal = APL,
volume = {105},
number = {5},
pages = {053106},
year = {2014},
doi = {10.1063/1.4892544},
URL = { https://doi.org/10.1063/1.4892544}}

@article{Reimer15_013011,
  title={Influence of Magnetic Field Alignment and Defect Concentration on Nitrogen-Vacancy Polarization in Diamond},
  author={Drake, M and Scott, E and Reimer, JA},
  journal=NJP,
  volume={18},
  number={1},
  pages={013011},
  year={2015},
  publisher={IOP Publishing}
}

@article{Pauzauskie14_2905,
  title={Rapid Sol--Gel Synthesis of Nanodiamond Aerogel},
  author={Manandhar, Sandeep and Roder, Paden B and Hanson, Jennifer L and Lim, Matthew and Smith, Bennett E and Mann, Austin and Pauzauskie, Peter J},
  journal=JMR,
  volume={29},
  number={24},
  pages={2905--2911},
  year={2014},
  publisher={Cambridge University Press}
}


@article{Satcher11_8550,
author = {Pauzauskie, Peter J. and Crowhurst, Jonathan C. and Worsley, Marcus A. and Laurence, Ted A. and Kilcoyne, A. L. David and Wang, Yinmin and Willey, Trevor M. and Visbeck, Kenneth S. and Fakra, Sirine C. and Evans, William J. and Zaug, Joseph M. and Satcher, Joe H.}, 
title = {Synthesis and Characterization of a Nanocrystalline Diamond Aerogel},
volume = {108}, 
number = {21}, 
pages = {8550-8553}, 
year = {2011}, 
doi = {10.1073/pnas.1010600108}, 
URL = {http://www.pnas.org/content/108/21/8550.abstract}, 
journal = PNAS} 
}

%DFT
@article{Sierka11_3097,
  title={Linear Scaling Hierarchical Integration Scheme for the Exchange-Correlation Term in Molecular and Periodic Systems},
  author={Burow, A M and Sierka, Marek},
  journal=JCTC,
  volume={7},
  number={10},
  pages={3097--3104},
  year={2011},
  publisher={ACS Publications}
}


@article{Ceder06_659,
  title={Toward Computational Materials Design: the Impact of Density Functional Theory on Materials Research},
  author={Hafner, J{\"u}rgen and Wolverton, Christopher and Ceder, Gerbrand},
  journal=MRSB,
  volume={31},
  number={9},
  pages={659-668},
  year={2006},
  publisher={Cambridge University Press}
}

@article{Gyorffy01_206403,
  title = {Spin Currents and Spin Dynamics in Time-Dependent Density-Functional Theory},
  author = {Capelle, K. and Vignale, G. and Gy\"orffy, B. L.},
  journal = PRL,
  volume = {87},
  issue = {20},
  pages = {206403},
  numpages = {4},
  year = {2001},
  month = {Oct},
  publisher = {American Physical Society},
  doi = {10.1103/PhysRevLett.87.206403},
  url = {https://link.aps.org/doi/10.1103/PhysRevLett.87.206403}
}

@article{Skylaris16_220901,
author = {Jolyon Aarons and Misbah Sarwar and David Thompsett and Chris-Kriton Skylaris},
title = {Perspective: Methods for Large-Scale Density Functional Calculations on Metallic Systems},
journal = JCP,
volume = {145},
number = {22},
pages = {220901},
year = {2016},
doi = {10.1063/1.4972007},
URL = {https://doi.org/10.1063/1.4972007}
}


@article{Genovese17_e1290,
author = {Ratcliff, Laura E. and Mohr, Stephan and Huhs, Georg and Deutsch, Thierry and Masella, Michel and Genovese, Luigi},
title = {Challenges in Large Scale Quantum Mechanical Calculations},
journal = WIRE,
volume = {7},
number = {1},
publisher = {Wiley Periodicals, Inc.},
issn = {1759-0884},
url = {http://dx.doi.org/10.1002/wcms.1290},
doi = {10.1002/wcms.1290},
pages = {e1290},
year = {2017},
}

@article{Mennucci17_294,
author = {Curutchet, Carles and Mennucci, Benedetta},
title = {Quantum Chemical Studies of Light Harvesting},
journal = CR,
volume = {117},
number = {2},
pages = {294-343},
year = {2017},
doi = {10.1021/acs.chemrev.5b00700},
URL = {https://doi.org/10.1021/acs.chemrev.5b00700}
}

@Article{Rega18_1126,
author ="Donati, Greta and Petrone, Alessio and Caruso, Pasquale and Rega, Nadia",
title  ="The mechanism of a green fluorescent protein proton shuttle unveiled in the time-resolved frequency domain by excited state ab initio dynamics",
journal  =ChSc,
year  ="2018",
volume  ="9",
issue  ="5",
pages  ="1126-1135",
publisher  ="The Royal Society of Chemistry",
doi  ="10.1039/C7SC02803B",
url  ="http://dx.doi.org/10.1039/C7SC02803B",
}

@article{Payne14_3614,
author = {Lever, Greg and Cole, Daniel J. and Lonsdale, Richard and Ranaghan, Kara E. and Wales, David J. and Mulholland, Adrian J. and Skylaris, Chris-Kriton and Payne, Mike C.},
title = {Large-Scale Density Functional Theory Transition State Searching in Enzymes},
journal = JPCL,
volume = {5},
number = {21},
pages = {3614-3619},
year = {2014},
doi = {10.1021/jz5018703},
URL = {https://doi.org/10.1021/jz5018703}
}

@Article{Sanvito11_3336,
author ="Sanvito, Stefano",
title  ="Molecular spintronics",
journal  =CSR,
year  ="2011",
volume  ="40",
issue  ="6",
pages  ="3336-3355",
publisher  ="The Royal Society of Chemistry",
doi  ="10.1039/C1CS15047B",
url  ="http://dx.doi.org/10.1039/C1CS15047B"}

@article{Nagahama07_165202,
  title={The Phenomena of Spin-Filter Tunnelling},
  author={Moodera, Jagadeesh S and Santos, Tiffany S and Nagahama, Taro},
  journal=JPCM,
  volume={19},
  number={16},
  pages={165202},
  year={2007},
  publisher={IOP Publishing}
}

@article{Neuhauser05_204714,
author = {Igor V. Ovchinnikov and Daniel Neuhauser},
title = {Spintronics Birefringence with an Extended Molecular Loop-Wire or Spiral Coupling},
journal = JCP,
volume = {123},
number = {20},
pages = {204714},
year = {2005},
doi = {10.1063/1.2126664},
URL = {https://doi.org/10.1063/1.2126664}
}

@article{Frisch07_125119,
  title = {Noncollinear Magnetism in Density Functional Calculations},
  author = {Peralta, Juan E. and Scuseria, Gustavo E. and Frisch, Michael J.},
  journal = PRB,
  volume = {75},
  issue = {12},
  pages = {125119},
  numpages = {8},
  year = {2007},
  month = {Mar},
  publisher = {American Physical Society},
  doi = {10.1103/PhysRevB.75.125119},
  url = {https://link.aps.org/doi/10.1103/PhysRevB.75.125119}
}

@article{Frisch12_2193,
author = {Scalmani, Giovanni and Frisch, Michael J.},
title = {A New Approach to Noncollinear Spin Density Functional Theory beyond the Local Density Approximation},
journal = JCTC,
volume = {8},
number = {7},
pages = {2193-2196},
year = {2012},
doi = {10.1021/ct300441z},
URL = {https://doi.org/10.1021/ct300441z},
}

@article{Weigend13_5341,
author = {Kühn, Michael and Weigend, Florian},
title = {Implementation of Two-Component Time-Dependent Density Functional Theory in TURBOMOLE},
journal = JCTC,
volume = {9},
number = {12},
pages = {5341-5348},
year = {2013},
doi = {10.1021/ct400743r},
URL = {https://doi.org/10.1021/ct400743r}
}

@article{Saue11_1439,
author = {Saue, Trond},
title = {Relativistic Hamiltonians for Chemistry: A Primer},
journal = CHPHCH,
volume = {12},
number = {17},
publisher = {WILEY-VCH Verlag},
issn = {1439-7641},
url = {http://dx.doi.org/10.1002/cphc.201100682},
doi = {10.1002/cphc.201100682},
pages = {3077--3094},
keywords = {ab initio calculations, density functional calculations, electronic structure, relativistic quantum chemistry, theoretical chemistry},
year = {2011},
}

@article{Liu03_597,
author = {Wang, Fan and Liu, Wenjian},
title = {Comparison of Different Polarization Schemes in Open-shell Relativistic Density Functional Calculations},
journal = JCCS,
volume = {50},
number = {3B},
publisher = {WILEY-VCH Verlag},
issn = {2192-6549},
url = {http://dx.doi.org/10.1002/jccs.200300087},
doi = {10.1002/jccs.200300087},
pages = {597--606},
keywords = {Kramers-unrestricted, Collinear, Noncollinear, Spin density, DFT, Relativistic effects, BDF},
year = {2003},
}

@article{Liu04_6658,
author = {Jun Gao and Wenjian Liu and Bo Song and Chengbu Liu},
title = {Time-Dependent Four-Component Relativistic Density Functional Theory for Excitation Energies},
journal = JCP,
volume = {121},
number = {14},
pages = {6658-6666},
year = {2004},
doi = {10.1063/1.1788655},
URL = {https://doi.org/10.1063/1.1788655},
}

@article{Liu05_054102,
author = {Jun Gao and Wenli Zou and Wenjian Liu and Yunlong Xiao and Daoling Peng and Bo Song and Chengbu Liu},
title = {Time-Dependent Four-Component Relativistic Density-Functional Theory for 
Excitation Energies. II. The Exchange-Correlation Kernel},
journal = JCP,
volume = {123},
number = {5},
pages = {054102},
year = {2005},
doi = {10.1063/1.1940609},
URL = {https://doi.org/10.1063/1.1940609}
}

@article{Liu05_144101,
author = {Daoling Peng and Wenli Zou and Wenjian Liu},
title = {Time-Dependent Quasirelativistic Density-Functional Theory Based on the Zeroth-Order Regular Approximation},
journal = JCP,
volume = {123},
number = {14},
pages = {144101},
year = {2005},
doi = {10.1063/1.2047554},
URL = {https://doi.org/10.1063/1.2047554}
}


@article{Cheng07_104106,
author = {Daoling Peng and Wenjian Liu and Yunlong Xiao and Lan Cheng},
title = {Making Four- and Two-Component Relativistic Density Functional Nethods Fully Equivalent Based on the Idea of ``from Atoms to Molecule''},
journal = JCP,
volume = {127},
number = {10},
pages = {104106},
year = {2007},
doi = {10.1063/1.2772856},
URL = {https://doi.org/10.1063/1.2772856}
}

@article{Saue09_2091,
author = {Bast, Radovan and Jensen, Hans Jørgen Aa. and Saue, Trond},
title = {Relativistic Adiabatic Time-Dependent Density Functional Theory Using Hybrid Functionals and Noncollinear Spin Magnetization},
journal = IJQC,
volume = {109},
number = {10},
publisher = {Wiley Subscription Services, Inc., A Wiley Company},
issn = {1097-461X},
url = {http://dx.doi.org/10.1002/qua.22065},
doi = {10.1002/qua.22065},
pages = {2091--2112},
year = {2009}
}

@article{Autschbach09_194102,
author = {Ajitha Devarajan and Alexander Gaenko and Jochen Autschbach},
title = {Two-Component Relativistic Density Functional Method for Computing Nonsingular Complex Linear Response of Molecules Based on the Zeroth Order Regular Approximation},
journal = JCP,
volume = {130},
number = {19},
pages = {194102},
year = {2009},
doi = {10.1063/1.3123765},
URL = {https://doi.org/10.1063/1.3123765}
}

@article{Becke88_2547,
author = {A. D. Becke},
title = {A Multicenter Numerical Integration Scheme for Polyatomic Molecules},
journal = JCP,
volume = {88},
number = {4},
pages = {2547-2553},
year = {1988},
doi = {10.1063/1.454033},
URL = {https://doi.org/10.1063/1.454033},
}

@article{Frisch96_213,
title = "Achieving Linear Scaling in Exchange-Correlation Density Functional Quadratures",
journal = CPL,
volume = "257",
number = "3",
pages = "213 - 223",
year = "1996",
issn = "0009-2614",
doi = "https://doi.org/10.1016/0009-2614(96)00600-8",
url = "http://www.sciencedirect.com/science/article/pii/0009261496006008",
author = "R.Eric Stratmann and Gustavo E. Scuseria and Michael J. Frisch"
}



@article{Lebedev77_99,
  title={Spherical Quadrature Formulas Exact to Orders 25--29},
  author={Lebedev, VI},
  journal=SMJ,
  volume={18},
  number={1},
  pages={99--107},
  year={1977},
  publisher={Springer}
}

@article{Helgaker02_814,
author = {Saue, Trond and Helgaker, Trygve},
title = {Four-Component Relativistic Kohn-Sham Theory},
journal = JCC,
volume = {23},
number = {8},
publisher = {Wiley Subscription Services, Inc., A Wiley Company},
issn = {1096-987X},
url = {http://dx.doi.org/10.1002/jcc.10066},
doi = {10.1002/jcc.10066},
pages = {814--823},
keywords = {Kohn-Sham theory, four-component relativistic implementation},
year = {2002},
}

@article{Jensen03_522,
author = {T. Saue and H. J. Aa. Jensen},
title = {Linear Response at the 4-Component Relativistic Level: Application to the Frequency-Dependent Dipole Polarizabilities of the Coinage Metal Dimers},
journal = JCoP,
volume = {118},
number = {2},
pages = {522-536},
year = {2003},
doi = {10.1063/1.1522407},
URL = {https://doi.org/10.1063/1.1522407}
}

@article{Gross13_156401,
  title = {Transverse Spin-Gradient Functional for Noncollinear Spin-Density-Functional Theory},
  author = {Eich, F. G. and Gross, E. K. U.},
  journal = PRL,
  volume = {111},
  issue = {15},
  pages = {156401},
  numpages = {5},
  year = {2013},
  month = {Oct},
  publisher = {American Physical Society},
  doi = {10.1103/PhysRevLett.111.156401},
  url = {https://link.aps.org/doi/10.1103/PhysRevLett.111.156401}
}


@article{Servedio99_23,
author = {Eschrig, H. and Servedio, V. D. P.},
title = {Relativistic Density Functional Approach to Open Shells},
journal = JCC,
volume = {20},
number = {1},
issn = {1096-987X},
url = {http://dx.doi.org/10.1002/(SICI)1096-987X(19990115)20:1<23::AID-JCC5>3.0.CO;2-N},
doi = {10.1002/(SICI)1096-987X(19990115)20:1<23::AID-JCC5>3.0.CO;2-N},
pages = {23--30},
keywords = {density functional theory, open-shell atoms, exchange and correlation field},
year = {1999},
}

@article{Scuseria13_035117,
  title = {Noncollinear Density Functional Theory Having Proper Invariance and Local Torque Properties},
  author = {Bulik, Ireneusz W. and Scalmani, Giovanni and Frisch, Michael J. and Scuseria, Gustavo E.},
  journal = PRB,
  volume = {87},
  issue = {3},
  pages = {035117},
  numpages = {8},
  year = {2013},
  month = {Jan},
  publisher = {American Physical Society},
  doi = {10.1103/PhysRevB.87.035117},
  url = {https://link.aps.org/doi/10.1103/PhysRevB.87.035117}
}


@article{Ziegler04_12191,
author = {Fan Wang and Tom Ziegler},
title = {Time-Dependent Density Functional Theory Based on a Noncollinear Formulation of the Exchange-Correlation Potential},
journal = JCP,
volume = {121},
number = {24},
pages = {12191-12196},
year = {2004},
doi = {10.1063/1.1821494},
URL = {http://aip.scitation.org/doi/abs/10.1063/1.1821494},
}

@article{Engel04_012505,
  title = {Noncollinear and Collinear Relativistic Density-Functional Program for Electric and Magnetic Properties of Molecules},
  author = {Anton, J. and Fricke, B. and Engel, E.},
  journal = PRA,
  volume = {69},
  issue = {1},
  pages = {012505},
  numpages = {10},
  year = {2004},
  month = {Jan},
  publisher = {American Physical Society},
  doi = {10.1103/PhysRevA.69.012505},
  url = {https://link.aps.org/doi/10.1103/PhysRevA.69.012505}
}

@article{Baerends05_204103,
author = {Fan Wang and Tom Ziegler and Erik van Lenthe and Stan van Gisbergen and Evert Jan Baerends},
title = {The Calculation of Excitation Energies Based on the Relativistic Two-Component Zeroth-Order Regular Approximation and Time-Dependent Density-Functional with full use of Symmetry},
journal = JCP,
volume = {122},
number = {20},
pages = {204103},
year = {2005},
doi = {10.1063/1.1899143},
URL = {https://doi.org/10.1063/1.1899143}
}

@Misc{DIRAC17,
      note = "{DIRAC}, a relativistic ab initio electronic structure program,
      Release {DIRAC17} (2017),
      written by L.~Visscher, H.~J.~{\relax Aa}.~Jensen, R.~Bast, and T.~Saue,
      with contributions from V.~Bakken, K.~G.~Dyall, S.~Dubillard, U.~Ekstr{\"o}m, 
      E.~Eliav, T.~Enevoldsen, E.~Fa{\ss}hauer, T.~Fleig, O.~Fossgaard, A.~S.~P.~Gomes, 
      E.~D.~Hedeg{\aa}rd, T.~Helgaker, J.~Henriksson, M.~Ilia{\v{s}}, Ch.~R.~Jacob, S.~Knecht, 
      S.~Komorovsk{\'y}, O.~Kullie, J.~K.~L{\ae}rdahl, C.~V.~Larsen, Y.~S.~Lee, 
      H.~S.~Nataraj, M.~K.~Nayak, P.~Norman, G.~Olejniczak, J.~Olsen, J.~M.~H.~Olsen, Y.~C.~Park,   
      J.~K.~Pedersen, M.~Pernpointner, R.~di~Remigio, K.~Ruud, P.~Sa{\l}ek, B.~Schimmelpfennig, 
      A.~Shee, J.~Sikkema, A.~J.~Thorvaldsen, J.~Thyssen, J.~van~Stralen, S.~Villaume, O.~Visser, 
      T.~Winther, and S.~Yamamoto (see {http://www.diracprogram.org})"
}

@article{Peng06_044102,
author = {Wenjian Liu and Daoling Peng},
title = {Infinite-Order Quasirelativistic Density Functional Method Based on the Exact Matrix Quasirelativistic Theory},
journal = JCP,
volume = {125},
number = {4},
pages = {044102},
year = {2006},
doi = {10.1063/1.2222365},
URL = {https://doi.org/10.1063/1.2222365}
}



@article{Rajagopal96_3916,
  title = {Time-Dependent Variational Principle and the Effective Action in Density-Functional 
  Theory and Berry's Phase},
  author = {Rajagopal, A. K.},
  journal = PRA,
  volume = {54},
  issue = {5},
  pages = {3916--3922},
  numpages = {0},
  year = {1996},
  month = {Nov},
  publisher = {American Physical Society},
  doi = {10.1103/PhysRevA.54.3916},
}

@article{Rajagopal94_3759,
  title = {Time-Dependent Functional Theory of Coupled Electron and Electromagnetic Fields in 
  Condensed-Matter Systems},
  author = {Rajagopal, A. K.},
  journal = PRA,
  volume = {50},
  issue = {5},
  pages = {3759--3765},
  numpages = {0},
  year = {1994},
  month = {Nov},
  publisher = {American Physical Society},
  doi = {10.1103/PhysRevA.50.3759}
}

@article{Snijders93_4597,
author = {E. {van Lenthe} and E. J. Baerends and J. G. Snijders},
title = {Relativistic Regular Two‐Component Hamiltonians},
journal = JCP,
volume = {99},
number = {6},
pages = {4597-4610},
year = {1993},
doi = {10.1063/1.466059},
URL = {https://doi.org/10.1063/1.466059}
}

@incollection{Johnson95_169,
   editor = "J.M. Seminario and P. Politzer",
   booktitle = "Modern Density Functional TheoryA Tool for Chemistry",
   publisher = "Elsevier",
   year = "1995",
   volume = "2",
   pages = "169 - 219",
   series = "Theoretical and Computational Chemistry ",
   title={Development, Implementation and Applications of Efficient Methodologies for Density Functional Calculations},
   author={Johnson, Benny G},
   address = {Amsterdam, The Netherlands}
}

@article{Jackson90_7453,
  title = {Variational Mesh for Quantum-Mechanical Simulations},
  author = {Pederson, Mark R. and Jackson, Koblar A.},
  journal = PRB,
  volume = {41},
  issue = {11},
  pages = {7453--7461},
  numpages = {0},
  year = {1990},
  month = {Apr},
  publisher = {American Physical Society},
  doi = {10.1103/PhysRevB.41.7453},
  url = {https://link.aps.org/doi/10.1103/PhysRevB.41.7453}
}

@article{Reveles04_681,
author = {Andreas M. K\"oster and Roberto Flores-Moreno and J. Ulises Reveles},
title = {Efficient and Reliable Numerical Integration of Exchange-Correlation Energies and Potentials},
journal = JCP,
volume = {121},
number = {2},
pages = {681-690},
year = {2004},
doi = {10.1063/1.1759323},
URL = {https://doi.org/10.1063/1.1759323}
}

@article{Laming93_997,
author = { Christopher W.   Murray  and  Nicholas C.   Handy  and  Gregory J.   Laming },
title = {Quadrature Schemes for Integrals of Density Functional Theory},
journal = MP,
volume = {78},
number = {4},
pages = {997-1014},
year  = {1993},
publisher = {Taylor \& Francis},
doi = {10.1080/00268979300100651},
URL = {https://doi.org/10.1080/00268979300100651}
}

@article{Gross04_427,
Author = {Marques, M. A. L. and Gross, E. K. U.},
Title = {Time-Dependent Density Functional Theory},
Journal = ARPC,
Year = {2004},
Volume = {55},
Pages = {427-455},
}


@book{Casida96_book,
   author = {Casida, M. E.},
   title = {Recent Developments and Applications in Density Functional Theory},
   publisher = {Elsevier},
   address = {Amsterdam, Netherlands},
   year = {1996},
}

@article{Gross07_196405,
  title = {First-Principles Approach to Noncollinear Magnetism: Towards Spin Dynamics},
  author = {Sharma, S. and Dewhurst, J. K. and Ambrosch-Draxl, C. and Kurth, S. and Helbig, N. and Pittalis, S. and Shallcross, S. and Nordstr\"om, L. and Gross, E. K. U.},
  journal = PRL,
  volume = {98},
  issue = {19},
  pages = {196405},
  numpages = {4},
  year = {2007},
  month = {May},
  publisher = {American Physical Society},
  doi = {10.1103/PhysRevLett.98.196405},
  url = {https://link.aps.org/doi/10.1103/PhysRevLett.98.196405}
}

@article{Yamaguchi01_670,
author = {Yamanaka, S. and Yamaki, D. and Shigeta, Y. and Nagao, H. and Yamaguchi, K.},
title = {Noncollinear Spin Density Functional Theory for Spin-Frustrated and Spin-Degenerate Systems},
journal = IJQC,
volume = {84},
number = {6},
publisher = {John Wiley \& Sons, Inc.},
issn = {1097-461X},
url = {http://dx.doi.org/10.1002/qua.1422},
doi = {10.1002/qua.1422},
pages = {670--676},
year = {2001}
}

@article{Blochl03_15772,
author = {Schimpl, Johannes and Petrilli, Helena M. and Blo\"chl, Peter E.},
title = {Nitrogen Binding to the FeMo-Cofactor of Nitrogenase},
journal = JACS,
volume = {125},
number = {51},
pages = {15772-15778},
year = {2003},
doi = {10.1021/ja0367997},
URL = {https://doi.org/10.1021/ja0367997}
}

@article{Truhlar11_2629,
author = {Luo, Sijie and Rivalta, Ivan and Batista, Victor and Truhlar, Donald G.},
title = {Noncollinear Spins Provide a Self-Consistent Treatment of the Low-Spin State of a Biomimetic Oxomanganese Synthetic Trimer Inspired by the Oxygen Evolving Complex of Photosystem II},
journal = JPCL,
volume = {2},
number = {20},
pages = {2629-2633},
year = {2011},
doi = {10.1021/jz201077n},
URL = {https://doi.org/10.1021/jz201077n}
}

@article{Truhlar13_5349,
author = {Luo, Sijie and Truhlar, Donald G.},
title = {Noncollinear Spin States for Density Functional Calculations of Open-Shell and Multi-Configurational Systems: Dissociation of MnO and NiO and Barrier Heights of O$_3$, BeH$_2$, and H$_4$},
journal = JCTC,
volume = {9},
number = {12},
pages = {5349-5355},
year = {2013},
doi = {10.1021/ct4007508},
URL = {https://doi.org/10.1021/ct4007508}
}

%Hybrid DFT
@article{Chakravorty90_2591,
author = {Enrico Clementi and Subhas J. Chakravorty},
title = {A Comparative Study of Density Functional Models to Estimate Molecular Atomization Energies},
journal = JCP,
volume = {93},
number = {4},
pages = {2591-2602},
year = {1990},
doi = {10.1063/1.458899},
URL = {https://doi.org/10.1063/1.458899}
}

@article{Becke93_1372,
author = {Axel D. Becke},
title = {A New Mixing of Hartree–Fock and Local Density-Functional Theories},
journal = JCP,
volume = {98},
number = {2},
pages = {1372-1377},
year = {1993},
doi = {10.1063/1.464304},
URL = {https://doi.org/10.1063/1.464304}
}



@article{Williams88_469,
  title={Density Functional Theory of Non-Collinear Magnetism},
  author={Kubler, J and Hock, K-H and Sticht, J and Williams, AR},
  journal=JPF,
  volume={18},
  number={3},
  pages={469},
  year={1988},
  publisher={IOP Publishing}
}

@article{Singh96_4420,
  title = {Noncollinear Intra-atomic Magnetism},
  author = {Nordstr\"om, Lars and Singh, David J.},
  journal = PRL,
  volume = {76},
  issue = {23},
  pages = {4420--4423},
  numpages = {0},
  year = {1996},
  month = {Jun},
  publisher = {American Physical Society},
  doi = {10.1103/PhysRevLett.76.4420},
  url = {https://link.aps.org/doi/10.1103/PhysRevLett.76.4420}
}

@article{Car98_3622,
  title = {Fully Unconstrained Approach to Noncollinear Magnetism: Application to Small Fe Clusters},
  author = {Oda, Tatsuki and Pasquarello, Alfredo and Car, Roberto},
  journal = PRL,
  volume = {80},
  issue = {16},
  pages = {3622--3625},
  numpages = {0},
  year = {1998},
  month = {Apr},
  publisher = {American Physical Society},
  doi = {10.1103/PhysRevLett.80.3622},
  url = {https://link.aps.org/doi/10.1103/PhysRevLett.80.3622}
}

@article{Blugel04_024415,
  title = {Ab Initio Treatment of Noncollinear Magnets with the Full-Potential Linearized Augmented Plane Wave Method},
  author = {Kurz, Ph. and F\"orster, F. and Nordstr\"om, L. and Bihlmayer, G. and Bl\"ugel, S.},
  journal = PRB,
  volume = {69},
  issue = {2},
  pages = {024415},
  numpages = {15},
  year = {2004},
  month = {Jan},
  publisher = {American Physical Society},
  doi = {10.1103/PhysRevB.69.024415},
  url = {https://link.aps.org/doi/10.1103/PhysRevB.69.024415}
}


@article{Yamaguchi00_664,
author = {Yamanaka, S. and Yamaki, D. and Shigeta, Y. and Nagao, H. and Yoshioka, Y. and Suzuki, N. and Yamaguchi, K.},
title = {Generalized Spin Density Functional Theory for Noncollinear Molecular Magnetism},
journal = IJQC,
volume = {80},
number = {4-5},
issn = {1097-461X},
url = {http://dx.doi.org/10.1002/1097-461X(2000)80:4/5<664::AID-QUA15>3.0.CO;2-C},
doi = {10.1002/1097-461X(2000)80:4/5<664::AID-QUA15>3.0.CO;2-C},
pages = {664--671},
keywords = {generalized spin density functional theory, local spin density approximation, three-dimensional spin structure, tetrahedral clusters},
year = {2000},
}

@book{Rajagopal96_book,
  title={Density Functional Theory II: Relativistic and Time Dependent Extensions},
  author={Buot, Felix A and Dobson, JF and Dreizler, RM and Engel, E and Gross, EKU and Petersilka, M and Rajagopal, AK},
  volume={2},
  year={1996},
  publisher={Springer},
  pages={1--80},
  address={Berlin, Germany}
}

@article{Boeij07_174111,
author = {P. Romaniello and P. L. de Boeij},
title = {Relativistic Two-Component Formulation of Time-Dependent Current-Density Functional Theory: Application to the Linear Response of Solids},
journal = JCP,
volume = {127},
number = {17},
pages = {174111},
year = {2007},
URL = {https://doi.org/10.1063/1.2780146}
}

@article{Tozer08_074101,
author = {A. Soncini and A. M. Teale and T. Helgaker and F. De Proft and D. J. Tozer},
title = {Maps of Current Density Using Density-Functional Methods},
journal = JCP,
volume = {129},
number = {7},
pages = {074101},
year = {2008},
doi = {10.1063/1.2969104},
URL = {https://doi.org/10.1063/1.2969104}
}

@article{Krylov12_204103,
author = {Yves A. Bernard and Yihan Shao and Anna I. Krylov},
title = {General Formulation of Spin-Flip Time-Dependent Density Functional Theory Using Non-Collinear Kernels: Theory, Implementation, and Benchmarks},
journal = JCP,
volume = {136},
number = {20},
pages = {204103},
year = {2012},
doi = {10.1063/1.4714499},
URL = {https://doi.org/10.1063/1.4714499},
}

@article{Rasolt87_2360,
  title = {Density-Functional Theory in Strong Magnetic Fields},
  author = {Vignale, G. and Rasolt, Mark},
  journal = PRL,
  volume = {59},
  issue = {20},
  pages = {2360--2363},
  numpages = {0},
  year = {1987},
  month = {Nov},
  publisher = {American Physical Society},
  doi = {10.1103/PhysRevLett.59.2360},
  url = {https://link.aps.org/doi/10.1103/PhysRevLett.59.2360}
}

@article{Gali17_081115,
  title = {Ab Initio Calculation of Spin-Orbit Coupling for an NV Center in Diamond Exhibiting Dynamic Jahn-Teller Effect},
  author = {Thiering, G and Gali, Adam},
  journal = PRB,
  volume = {96},
  issue = {8},
  pages = {081115},
  numpages = {6},
  year = {2017},
  month = {Aug},
  publisher = {American Physical Society},
  doi = {10.1103/PhysRevB.96.081115},
  url = {https://link.aps.org/doi/10.1103/PhysRevB.96.081115}
}

@article{Obrien10_7285,
  title={Quantum Computers},
  author={Ladd, Thaddeus D and Jelezko, Fedor and Laflamme, Raymond and Nakamura, Yasunobu and Monroe, Christopher and O’Brien, Jeremy Lloyd},
  journal=N,
  volume={464},
  number={7285},
  pages={45},
  year={2010},
  publisher={Nature Publishing Group}
}

@article{Petta13_1174,
	author = {Awschalom, David D. and Bassett, Lee C. and Dzurak, Andrew S. and Hu, Evelyn L. and Petta, Jason R.},
	title = {Quantum Spintronics: Engineering and Manipulating Atom-Like Spins in Semiconductors},
	volume = {339},
	number = {6124},
	pages = {1174--1179},
	year = {2013},
	doi = {10.1126/science.1231364},
	publisher = {American Association for the Advancement of Science},
	issn = {0036-8075},
	URL = {http://science.sciencemag.org/content/339/6124/1174},
	journal = S
}

@article{Lukin11_025025,
  title={Properties of Nitrogen-Vacancy Centers in Diamond: the Group Theoretic Approach},
  author={Maze, JR and Gali, Adam and Togan, Emre and Chu, Yiwen and Trifonov, Alexei and Kaxiras, Efthimios and Lukin, MD},
  journal=NJP,
  volume={13},
  number={2},
  pages={025025},
  year={2011},
  publisher={IOP Publishing}
}

@article{Proskuryakov12_226402,
  title = {Room Temperature Coherent Spin Alignment of Silicon Vacancies in $4H$- and $6H$-SiC},
  author = {Soltamov, Victor A. and Soltamova, Alexandra A. and Baranov, Pavel G. and Proskuryakov, Ivan I.},
  journal = PRL,
  volume = {108},
  issue = {22},
  pages = {226402},
  numpages = {4},
  year = {2012},
  month = {May},
  publisher = {American Physical Society},
  doi = {10.1103/PhysRevLett.108.226402},
  url = {https://link.aps.org/doi/10.1103/PhysRevLett.108.226402}
}

@article{Callaway73_1912,
  title = {Inhomogeneous Electron Gas},
  author = {Rajagopal, A. K. and Callaway, J.},
  journal = PRB,
  volume = {7},
  issue = {5},
  pages = {1912--1919},
  numpages = {0},
  year = {1973},
  month = {Mar},
  publisher = {American Physical Society},
  doi = {10.1103/PhysRevB.7.1912},
  url = {https://link.aps.org/doi/10.1103/PhysRevB.7.1912}
}

@article{Teale15_4169,
author = {Furness, James W. and Verbeke, Joachim and Tellgren, Erik I. and Stopkowicz, Stella and Ekström, Ulf and Helgaker, Trygve and Teale, Andrew M.},
title = {Current Density Functional Theory Using Meta-Generalized Gradient Exchange-Correlation Functionals},
journal = JCTC,
volume = {11},
number = {9},
pages = {4169-4181},
year = {2015},
doi = {10.1021/acs.jctc.5b00535},
URL = {https://doi.org/10.1021/acs.jctc.5b00535}
}

@incollection{Vignale95_485,
  title={Current Density Functional Theory and Orbital Magnetism},
  author={Vignale, G},
  booktitle={Density Functional Theory},
  pages={485--511},
  year={1995},
  publisher={Springer},
  address={Boston, MA}
}

@article{Colwell95_10095,
author = {Aaron M. Lee and Nicholas C. Handy and Susan M. Colwell},
title = {The Density Functional Calculation of Nuclear Shielding Constants Using London Atomic Orbitals},
journal = JCP,
volume = {103},
number = {23},
pages = {10095-10109},
year = {1995},
doi = {10.1063/1.469912},
URL = {https://doi.org/10.1063/1.469912}
}

@article{Furche12_164105,
author = {Jefferson E. Bates and Filipp Furche},
title = {Harnessing the Meta-Generalized Gradient Approximation for Time-Dependent Density Functional Theory},
journal = JCP,
volume = {137},
number = {16},
pages = {164105},
year = {2012},
doi = {10.1063/1.4759080},
URL = {https://doi.org/10.1063/1.4759080}
}

@misc{ReSpect_beta3d3,
  Note={with contributions from Bast R.; Ekstrom U.; Knecht S.; Malkin Ondik I.; Malkin E.
  (see http://rel-qchem.sav.sk)},
  author={Repisky, M and Komorovsky, S and Malkin, V G and Malkina, O L and Kaupp, M and Ruud, K},
  year={2013},
  Title={ReSpect, Version 3.3. 0 (Beta), 2013; Relativistic Spectroscopy DFT Program}
}

@misc{ADF2017authors,
author = {Baerends, Evert Jan and Ziegler, Tom and Atkins, A. J. and Autschbach, Jochen and Bashford, Donald and Baseggio, O. and B{\'{e}}rces, A. and Bickelhaupt, F. Matthias and Bo, C. and Boerritger, P. M. and Cavallo, Luigi and Daul, C. and Chong, D. P. and Chulhai, D. V. and Deng, L. and Dickson, R. M. and Dieterich, J. M. and Ellis, D. E. and van Faassen, M. and Ghysels, A. and Giammona, A. and van Gisbergen, Stan J. A. and Goez, A. and G{\"{o}}tz, A. W. and Gusarov, S. and Harris, F. E. and van den Hoek, P. and Hu, Z. and Jacob, Christoph R. and Jacobsen, H. and Jensen, L. and Joubert, L. and Kaminski, J. W. and van Kessel, G. and K{\"{o}}nig, C. and Kootstra, F. and Kovalenko, A. and Krykunov, Mykhaylo and van Lenthe, Erik and McCormack, D. A. and Michalak, A. and Mitoraj, M. and Morton, S. M. and Neugebauer, Johannes and Nicu, V. P. and Noodleman, Louis and Osinga, V. P. and Patchkovskii, S. and Pavanello, Michele and Peeples, C. A. and Philipsen, Pierre Herman Theodoor and Post, D. and Pye, Cory C. and Ramanantoanina, H. and Ramos, P. and Ravenek, W. and Rodr{\'{i}}guez, J. I. and Ros, P. and R{\"{u}}ger, R. and Schipper, P. R. T. and Schl{\"{u}}ns, D. and van Schoot, H. and Schreckenbach, G. and Seldenthuis, J. S. and Seth, Mike and Snijders, Jaap G. and Sol{\`{a}}, Miquel and Stener M. and Swart, M. and Swerhone, D. and te Velde, G. and Tognetti, V. and Vernooijs, P. and Versluis, L. and Visscher, Lucas and Visser, O. and Wang, Fan and Wesolowski, T. A. and van Wezenbeek, E. M. and Wiesenekker, G. and Wolff, S. K. and Woo, T. K. and Yakovlev, A. L.},
title = {{ADF2017, SCM, Theoretical Chemistry, Vrije Universiteit, Amsterdam, The Netherlands, https://www.scm.com}}
} 

@article{Libxc_v4,
title = "Recent Developments in Libxc — A Comprehensive Library of Functionals for Density Functional Theory",
journal = "SoftwareX",
volume = "7",
pages = "1-5",
year = "2018",
issn = "2352-7110",
doi = "https://doi.org/10.1016/j.softx.2017.11.002",
author = "Susi Lehtola and Conrad Steigemann and Micael J.T. Oliveira and Miguel A.L. Marques",
keywords = "Density functional theory, Exchange–correlation, Local density approximations, Generalized gradient approximations, meta-GGA approximations"
}


@book{Olsen14_book,
  title={Molecular Electronic-Structure Theory},
  author={Helgaker, Trygve and Jorgensen, Poul and Olsen, Jeppe},
  year={2014},
  publisher={John Wiley \& Sons},
  address= {New York, NY}
}


@article{Reiher12_3661,
author = {Jacob, Christoph R. and Reiher, Markus},
title = {Spin in Density-Functional Theory},
journal = IJQC,
volume = {112},
number = {23},
publisher = {Wiley Subscription Services, Inc., A Wiley Company},
url = {http://dx.doi.org/10.1002/qua.24309},
doi = {10.1002/qua.24309},
pages = {3661--3684},
year = {2012},
}

@article{Aryasetiawan11_085144,
  title = {$GW$ Calculations Including Spin-Orbit Coupling: Application to Hg Chalcogenides},
  author = {Sakuma, R. and Friedrich, C. and Miyake, T. and Bl\"ugel, S. and Aryasetiawan, F.},
  journal = PRB,
  volume = {84},
  issue = {8},
  pages = {085144},
  numpages = {10},
  year = {2011},
  month = {Aug},
  publisher = {American Physical Society},
  doi = {10.1103/PhysRevB.84.085144},
  url = {https://link.aps.org/doi/10.1103/PhysRevB.84.085144}
}

@article{Barone98_5723,
author = {Rega, Nadia and Cossi, Maurizio and Barone, Vincenzo},
title = {Structure and Magnetic Properties of Glycine Radical in Aqueous Solution at Different pH Values},
journal = JACS,
volume = {120},
number = {23},
pages = {5723-5732},
year = {1998},
doi = {10.1021/ja974232i},
}

@article{Saue03_10418,
author = {O. Fossgaard and O. Gropen and M. Corral Valero and T. Saue},
title = {On the Performance of Four-Component Relativistic Density Functional Theory: Spectroscopic Constants and Dipole Moments of the Diatomics HX and XY (X,Y=F, Cl, Br, and I)},
journal = JCP,
volume = {118},
number = {23},
pages = {10418-10430},
year = {2003},
}

@article{Sandratskii98_91,
author = { L. M.   Sandratskii },
title = {Noncollinear Magnetism in Itinerant-Electron Systems: Theory and Applications},
journal = AdPh,
volume = {47},
number = {1},
pages = {91-160},
year  = {1998},
URL = {https://doi.org/10.1080/000187398243573}
}

@article{Gyorffy03_354,
  author={K. Capelle and B. L. Gyorffy},
  title={Exploring Dynamical Magnetism with Time--Dependent Density--Functional Theory: From Spin Fluctuations to Gilbert Damping},
  journal=EPLe,
  volume={61},
  number={3},
  pages={354-360},
  url={http://stacks.iop.org/0295-5075/61/i=3/a=354},
  year={2003}
}

@article{Mouritsen16_299,
author = {P. J. Hore and Henrik Mouritsen},
title = {The Radical-Pair Mechanism of Magnetoreception},
journal = ARB,
volume = {45},
number = {1},
pages = {299-344},
year = {2016},
doi = {10.1146/annurev-biophys-032116-094545},
URL = {https://doi.org/10.1146/annurev-biophys-032116-094545}
}

@article{Berdinsky02_603,
author = {Buchachenko, Anatoly L. and Berdinsky, Vitaly L.},
title = {Electron Spin Catalysis},
journal = CR,
volume = {102},
number = {3},
pages = {603-612},
year = {2002},
doi = {10.1021/cr010370l},
URL = {https://doi.org/10.1021/cr010370l}
}

@article{Day04_5419,
author = {Coronado, Eugenio and Day, Peter},
title = {Magnetic Molecular Conductors},
journal = CR,
volume = {104},
number = {11},
pages = {5419-5448},
year = {2004},
doi = {10.1021/cr030641n},
URL = {https://doi.org/10.1021/cr030641n}
}

@article{Gross99_7140,
  title = {Relativistic Framework for Microscopic Theories of Superconductivity. I. The Dirac Equation for Superconductors},
  author = {Capelle, K. and Gross, E. K. U.},
  journal = PRB,
  volume = {9},
  issue = {10},
  pages = {7140--7154},
  numpages = {0},
  year = {1999},
  month = {Mar},
  publisher = {American Physical Society},
  doi = {10.1103/PhysRevB.59.7140},
  url = {https://link.aps.org/doi/10.1103/PhysRevB.59.7140}
}

@article{Gross99_7155,
  title = {Relativistic Framework for Microscopic Theories of Superconductivity. II. The Pauli Equation for Superconductors},
  author = {Capelle, K. and Gross, E. K. U.},
  journal = PRB,
  volume = {59},
  issue = {10},
  pages = {7155--7165},
  numpages = {0},
  year = {1999},
  month = {Mar},
  publisher = {American Physical Society},
  doi = {10.1103/PhysRevB.59.7155},
  url = {https://link.aps.org/doi/10.1103/PhysRevB.59.7155}
}

@article{Kohn88_2430,
  title = {Density-Functional Theory for Superconductors},
  author = {Oliveira, L. N. and Gross, E. K. U. and Kohn, W.},
  journal = PRL,
  volume = {60},
  issue = {23},
  pages = {2430--2433},
  numpages = {0},
  year = {1988},
  month = {Jun},
  publisher = {American Physical Society},
  doi = {10.1103/PhysRevLett.60.2430},
  url = {https://link.aps.org/doi/10.1103/PhysRevLett.60.2430}
}


@Inbook{Dreizler84_353,
author="Gross, E. K. U. and Dreizler, R. M.",
title="Relativistic Density Functional Theory",
bookTitle="Local Density Approximations in Quantum Chemistry and Solid State Physics",
year="1984",
publisher="Springer US",
address="Boston, MA",
pages="353--379",
}

@Inbook{Petersilka96_81,
author="Gross, E. K. U.
and Dobson, J. F.
and Petersilka, M.",
title="Density Functional Theory of Time-Dependent Phenomena",
bookTitle="Density Functional Theory II: Relativistic and Time Dependent Extensions",
year="1996",
publisher="Springer",
address="Berlin, Heidelberg",
pages="81--172",
url="https://doi.org/10.1007/BFb0016643"
}

@article{Engel98_138,
  title = {Approximate Relativistic Optimized Potential Method},
  author = {Kreibich, T. and Gross, E. K. U. and Engel, E.},
  journal = PRA,
  volume = {57},
  issue = {1},
  pages = {138--148},
  numpages = {0},
  year = {1998},
  month = {Jan},
  publisher = {American Physical Society},
  doi = {10.1103/PhysRevA.57.138},
  url = {https://link.aps.org/doi/10.1103/PhysRevA.57.138}
}

@article{Gross08_245106,
  title = {Exchange-Correlation Orbital Functionals in Current-Density Functional Theory: Application to a Quantum Dot in Magnetic Fields},
  author = {Helbig, N. and Kurth, S. and Pittalis, S. and R\"as\"anen, E. and Gross, E. K. U.},
  journal = PRB,
  volume = {77},
  issue = {24},
  pages = {245106},
  numpages = {6},
  year = {2008},
  month = {Jun},
  publisher = {American Physical Society},
  doi = {10.1103/PhysRevB.77.245106},
  url = {https://link.aps.org/doi/10.1103/PhysRevB.77.245106}
}

@article{Gross07_100401,
  title = {Comparison of Exact-Exchange Calculations for Solids in Current-Spin-Density- and Spin-Density-Functional Theory},
  author = {Sharma, S. and Pittalis, S. and Kurth, S. and Shallcross, S. and Dewhurst, J. K. and Gross, E. K. U.},
  journal = PRB,
  volume = {76},
  issue = {10},
  pages = {100401},
  numpages = {4},
  year = {2007},
  month = {Sep},
  publisher = {American Physical Society},
  doi = {10.1103/PhysRevB.76.100401},
  url = {https://link.aps.org/doi/10.1103/PhysRevB.76.100401}
}

@article{Wojtowicz16_137204,
  title = {Spin-Orbit Twisted Spin Waves: Group Velocity Control},
  author = {Perez, F. and Baboux, F. and Ullrich, C. A. and D'Amico, I. and Vignale, G. and Karczewski, G. and Wojtowicz, T.},
  journal = PRL,
  volume = {117},
  issue = {13},
  pages = {137204},
  numpages = {5},
  year = {2016},
  month = {Sep},
  publisher = {American Physical Society},
}

@article{Ullrich04_20,
author = {Kohn, Walter and Savin, Andreas and Ullrich, Carsten A.},
title = {Hohenberg–Kohn Theory Including Spin Magnetism and Magnetic Fields},
journal =  IJQC,
volume = {100},
number = {1},
publisher = {John Wiley \& Sons, Inc.},
pages = {20--21},
year = {2004},
}

@article{Ullrich05_073102,
  title = {Nonuniqueness in Spin-Density-Functional Theory on Lattices},
  author = {Ullrich, C. A.},
  journal = PRB,
  volume = {72},
  issue = {7},
  pages = {073102},
  numpages = {4},
  year = {2005},
  month = {Aug},
  publisher = {American Physical Society}
}

@article{Ullrich06_2285,
author = {D'Amico, I. and Ullrich, C. A.},
title = {Spin Coulomb Drag: an Intrinsic Dissipation Mechanism in Spintronics},
journal = PSSB,
volume = {243},
number = {10},
publisher = {WILEY-VCH Verlag},
pages = {2285--2289},
year = {2006}
}

@article{Ullrich09_859,
author = {Ullrich, C. A.},
title = {Excitation Energies in Time-Dependent (Current-) Density-Functional Theory: A Simple Perspective},
journal = JCTC,
volume = {5},
number = {4},
pages = {859-865},
year = {2009},
doi = {10.1021/ct800507m},
URL = {https://doi.org/10.1021/ct800507m}
}

@article{Ullrich10_125114,
  title = {Spin Gaps and Spin-Flip Energies in Density-Functional Theory},
  author = {Capelle, K. and Vignale, G. and Ullrich, C. A.},
  journal = PRB,
  volume = {81},
  issue = {12},
  pages = {125114},
  numpages = {12},
  year = {2010}
}

@article{Wojtowicz17_045301,
  title = {Spin Precession and Spin Waves in a Chiral Electron Gas: Beyond Larmor's Theorem},
  author = {Karimi, Shahrzad and Baboux, Florent and Perez, Florent and Ullrich, Carsten A. and Karczewski, Grzegorz and Wojtowicz, Tomasz},
  journal = PRB,
  volume = {96},
  issue = {4},
  pages = {045301},
  numpages = {14},
  year = {2017}
}

