
# "Reviewer 2" (AKA Wenjian)
@article{Liu10_064106,
  author = {Zhendong Li and Wenjian Liu},
  title = {Spin-adapted Open-Shell Random Phase Approximation and Time-Dependent 
    Density Functional Theory. I. Theory},
  journal = JCP,
  volume = {133},
  pages = {064106},
  year = {2010}
}

@article{Suo11_134101,
  author = {Zhendong Li and Wenjian Liut and Yong Zhang and Bingbing Suo},
  title = {Spin-adabpted Open-Shell Time-Dependent Density Functional Theory. II.
    Theory and Piolet Application},
  journal = JCP,
  volume = {134},
  pages = {134101},
  year = {2011}
}

@article{Liu11_194106,
  author = {Zhendong Li and Wenjian Liu},
  title = {Spin-adabpted Open-Shell Time-Dependent Density Functional Theory. III.
    An Even Better and Simpler Formulation},
  journal = JCP,
  volume = {135},
  pages = {194106},
  year = {2011}
}

@article{Liu12_024107,
  author = {Zhendong Li and Wenjian Liu},
  title = {Theoretical and Numerical Assessments of Spin-Flip Time-Dependent 
    Density Functional Theory}, 
  journal = JCP,
  volume = {136},
  pages = {024107},
  year = {2012}
}

@article{Liu13_3741,
  author = {Zhendong Li and BingBing Suo and Yong Ziang and Y. Xiao and 
    Wenjian Liu},
  title = {Combining Spin-Adapted Open-Shell TD-DFT with Spin-Orbit Coupling},
  journal = MP,
  volume = {111},
  pages = {3741},
  year = {2013}
} 


% "Reviewer 1" AKA Weitao
@article{Bulik13_104113,
  author = {G. E. Scuseria and T. M. Henderson and I. W. Bulik},
  journal = JCP,
  volume = {139},
  pages = {104113},
  year = {2013}
}

%prev

@article{Yang13_224105,
  author = {Yang Yang and Helen van Aggelen and Weitao Yang},
  title = {Double, Rydberg and charge transfer excitations from pairing matrix fluctuation and particle-particle random phase approximation},
  journal = JCP,
  volume = {139},
  year = {2013},
  pages = {224105}
}

@article{Yang13_18A522,
  author = {Degao Peng and Helen van Aggelen and Yang Yang and Weitao Yang},
  title = {Linear-response time-dependent density-functional theory with pairing fields},
  journal = JCP,
  volume = {140},
  year = {2014},
  pages = {18A522}
}

@article{Yang13_174110,
  author = {Yang Yang and Helen van Aggelen and Stephen N. Steinmann and Degao Peng and Weitao Yang},
  title = {Benchmark tests and spin adaption for the particle-particle random phase approximation},
  journal = JCP,
  volume = {139},
  year = {2013},
  pages = {174110}
}

@article{Yang13_104112,
  author = {Degao Peng and Ptephan N Steinmann and Helen van Aggelen and Weitao Yang},
  title = {Equivalence of the particle-particle random phase approximation correlation energy and ladder-coupled-coupled-cluster doubles},
  journal = JCP,
  volume = {139},
  year = {2013},
  pages = {104112}
}

@article{Yang13_030501,
  author = {Helen van Aggelen and Yang Yang and Weitao Yang},
  title = {Exchange-correlation energy from pairing matrix fluctuation and the particle-particle random-phase approximation},
  journal = PRA,
  volume = {88},
  year = {2013},
  pages = {030501}
}

@article{Yang09_066403,
  author = {Paula Mori-S\'{a}nchez and Aron J. Cohen and Weitao Yang},
  title = {Discontinuouts Nature of the Exchange-Correlation Functional in Strongly Correlated Systems},
  journal = PRL,
  volume = {102},
  year = {2009},
  pages = {066403}
}

@article{Yang15_1025,
Author = {Zhang, Du and Peng, Degao and Zhang, Peng and Yang, Weitao},
Journal = PCCP,
Number = {2},
Pages = {1025--1038},
Publisher = {Royal Society of Chemistry},
Title = {Analytic Gradients, Geometry Optimization and Excited State Potential Energy Surfaces from the Particle-Particle Random Phase Approximation},
Volume = {17},
Year = {2015}}

@article{Yang16_2407,
author = {Yang Yang and Lin Shen and Du Zhang and Weitao Yang},
title = {Conical Intersections from Particle-Particle Random Phase and Tamm-Dancoff Approximations},
journal = JPCL,
volume = {7},
number = {13},
pages = {2407-2411},
year = {2016},
doi = {10.1021/acs.jpclett.6b00936}
}

@book{SchuckBook_04,
  title={The Nuclear Many-Body Problem},
  author={Ring, P. and Schuck, P.},
  isbn={9783540212065},
  series={Physics and astronomy online library},
  year={2004},
  publisher={Springer}
}

@article{Li16_Submitted,
  title = {Ab initio Surface Hopping Dynamics Through Regions of Large  
    Non-Adiabatic Coupling within the Particle-Particle Tamm-Dancoff
    Approximation (pp-TDA)},
  author = {David Williams-Young and David Lingerfelt and Alessio Petrone
    and Xiaosong Li},
  year = {2016},
  journal = JCPL,
  pages = {Submitted}
}

@article{Liu14_244105,
  title = {First order nonadiabatic coupling matrix elements between
    excited states: Implementation and application at the TD-DFT and 
    pp-TDA levels},
  author = {Zhendong Li and Bingbing Suo and Wenjian Liu},
  year = {2014},
  journal = JCP,
  pages = {244105}
}
